2842 4817
444 231 589 282 Lectiones
605 229 780 296 Vergilianas
1145 234 1187 294 75

14 411 15 478 p
60 382 117 453 loc,
138 392 173 443 ut
191 385 267 446 vidit
287 394 372 447 vetus
394 386 445 446 illa
466 386 692 466 grammaticus,
715 386 853 448 convenit
874 385 962 446 uerbo
983 397 1100 458 utera,
1130 407 1187 448 non

14 483 15 550 l
58 489 191 560 adspersa
231 489 332 550 Donec
347 491 441 572 igitur
456 491 617 562 exstiterit,
640 492 688 570 qui
711 492 890 552 meliorans
905 492 1038 563 doceat,
1057 493 1189 552 retinebo

59 608 190 664 crepereo.

14 669 16 764 ἷ
134 697 207 756 aen.
233 699 263 768 a,
284 699 358 758 aar.
402 701 537 756 aaran
616 698 705 777 tepidi
722 707 874 755 amm
892 699 943 755 aa
963 699 1089 757 saaca
1101 711 1189 758 aa..

59 803 153 872 trepidi
182 801 353 861 elllediceo
383 803 538 862 mrocavit
566 803 775 882 hadewigins3
808 802 859 861 sed
889 802 917 860 ln.
947 802 967 860 l.
997 803 1093 882 magis
1124 824 1190 883 pro·

14 965 15 978 ¹
60 907 209 984 pugnanda
239 907 307 965 mibi
334 914 382 966 est
410 907 533 970 bledicei
563 909 727 967 auctoritas
734 950 743 979 ,
773 926 857 986 qnam
879 907 1091 987 impugnandm
1123 928 1187 967 nam

59 1007 136 1067 litera
163 1028 182 1067 r
210 1011 238 1068 in
266 1029 302 1069 oo
333 1010 433 1070 codice
463 1018 571 1089 puncto
602 1018 705 1071 notata
733 1018 781 1071 ast
809 1018 843 1069 nt
871 1011 1003 1070 delenda.
1046 1011 1190 1072 blirabera

14 1125 15 1150 ³
59 1133 169 1184 mecum,
192 1113 370 1186 Antboni,
403 1114 430 1173 id
453 1115 570 1194 placere
592 1117 724 1194 potuisse
746 1115 835 1174 docto
857 1114 981 1185 bomini,
1003 1134 1057 1173 nee
1081 1116 1191 1194 placuit

14 1213 16 1280 l
58 1217 188 1297 llauptio,
242 1218 373 1278 Graecos
404 1226 508 1297 poetas
538 1220 680 1280 imitatum
709 1221 753 1278 ita
781 1220 935 1298 scripsisse
958 1218 1117 1299 Vergilium
1147 1221 1191 1280 ait

14 1295 251 1404 ξΙιιάονιίςίιιι.
305 1325 414 1384 Vellem
446 1327 597 1385 attulisset
629 1347 666 1386 ex
694 1327 739 1385 liis
768 1325 888 1404 aliquod
916 1324 1067 1384 consimile
1096 1344 1191 1384 exem·

60 1424 136 1501 plan.
183 1427 270 1493 Quod
293 1428 386 1487 donec
408 1428 528 1488 allatum
551 1428 651 1502 fuerit,
674 1428 826 1489 abstinebo
848 1429 961 1508 reliqna
982 1430 1191 1508 disputatione.

14 1569 16 1630 l
14 1525 121 1600 „Ab
143 1532 188 1590 ait
210 1532 418 1613 Ladewigius,
454 1536 502 1613 qui
525 1535 622 1613 potuit
644 1535 853 1595 Acbemcnides
874 1534 998 1595 ridere
1020 1541 1103 1592 artus
1125 1554 1192 1594 esse

60 1635 208 1712 tepidos”l
258 1637 363 1696 Verum
397 1644 445 1696 est
473 1621 707 1717 sane·teporem
746 1639 860 1718 quidem
892 1657 950 1696 non
981 1657 1069 1716 possa
1098 1638 1192 1696 oculis

60 1738 146 1811 cerni3
176 1748 222 1799 'at
251 1741 319 1820 quid
349 1741 433 1821 cogit
464 1761 517 1800 noa
548 1742 619 1800 illud
642 1745 701 1801 nidi
733 1743 769 1802 ad
799 1751 931 1821 teporem
953 1739 1083 1812 salome,
1115 1741 1192 1820 quod

60 1849 140 1917 poeta
169 1845 287 1903 rettulit
313 1846 350 1904 ad
381 1845 498 1906 verbum
531 1850 701 1906 nemereutl
733 1850 819 1921 tepidi
847 1853 960 1915 autem,
995 1845 1071 1924 quod
1103 1847 1192 1904 etiam

14 1961 16 2006 l
59 1945 196 2026 llauptius
210 1952 350 2021 servavit,
368 1951 511 2010 adiectum
528 1960 585 2023 est,
601 1971 659 2031 quo
677 1951 907 2031 intelligeretur,
924 1969 1014 2030 quare
1031 1958 1192 2009 tremerent

58 2062 150 2126 artus,
185 2055 299 2113 seilicet
327 2056 395 2134 quia
424 2056 574 2114 etiamtum
604 2055 694 2135 tepidi
729 2055 848 2114 necdum
876 2055 953 2113 omui
983 2054 1013 2114 vi
1039 2055 1123 2114 vitali
1144 2055 1191 2113 de·

60 2159 149 2218 stituti
173 2165 268 2218 arant.

137 2263 213 2323 Aen.
228 2266 259 2334 3,
276 2265 348 2322 652.
395 2265 496 2321 Omain
510 2267 674 2320 collustrans
690 2265 765 2320 beau
782 2265 905 2336 primun
917 2265 956 2319 od
970 2264 1057 2320 litora
1078 2264 1193 2320 classem

400 2368 549 2446 conspexi
572 2372 733 2424 uenientem.

14 2517 15 2554 p
60 2473 189 2546 Prospeci
218 2470 388 2531 ebledicco
418 2480 592 2550 receperunt
613 2472 772 2530 Paldamus
801 2477 832 2528 et
861 2468 1067 2548 Ladewigiua3
1097 2470 1193 2549 llaup-

60 2576 111 2634 tiua
134 2576 246 2646 edidit,
280 2576 356 2654 quod
380 2594 457 2656 ego,
493 2579 639 2652 Conspeci.
691 2576 757 2633 Non
788 2574 831 2633 ita
858 2573 978 2632 multum
1011 2593 1055 2632 me
1084 2582 1192 2645 mouet,

14 2655 16 2686 ’
61 2682 141 2758 quod,
165 2687 200 2739 ut
223 2680 436 2740 admonuerunt
458 2680 595 2740 Heinsius
618 2688 648 2738 et
671 2679 813 2757 llcynius‚
836 2698 880 2737 as.
904 2678 967 2736 648
990 2677 1101 2757 legitur
1122 2681 1192 2737 Pro·

59 2791 154 2858 spicio,
187 2804 358 2864 quamquam
381 2785 409 2843 id
432 2805 548 2864 quoque
577 2786 605 2844 in
629 2785 715 2844 dubia
738 2802 828 2842 causa
850 2782 1060 2861 aliquantulum
1085 2783 1192 2861 ponde·

59 2888 93 2947 ris
115 2890 213 2950 babet.
258 2890 317 2948 Sed
340 2898 373 2948 nt
392 2891 533 2948 retineam
557 2892 704 2964 Goospeui,
726 2888 852 2947 suadent
873 2886 962 2947 verba
984 2889 1085 2944 Omnia
1107 2891 1191 2945 collu-

59 3003 159 3065 straas3
192 2993 268 3072 quod
292 2993 340 3072 qui
362 2991 450 3064 facit,
478 2994 593 3065 videre,
616 2993 828 3072 conspicere
850 2991 960 3068 aliquid
983 2990 1079 3069 eupit3
1115 2991 1192 3069 qnod

14 3167 15 3176 ἦ
14 3096 308 3176 elonginquo
340 3095 568 3155 adlabentem
599 3097 724 3156 classem
752 3096 839 3165 sidit,
867 3095 886 3153 i.
910 3113 937 3152 e.
960 3095 1191 3172 prospexit,

14 3199 15 3256 l
60 3201 122 3259 nibil
146 3201 194 3258 bic
217 3200 344 3278 pertinet
367 3200 403 3258 ad
425 3219 496 3270 rem,
519 3202 593 3260 satis
616 3211 662 3261 eat
684 3207 912 3280 conspectam
934 3217 1010 3258 ease.

14 3321 16 3412 p
138 3306 213 3364 Aen.
238 3308 266 3363 3.
291 3307 450 3364 ost-86.

14 3413 15 3492 l
271 3405 420 3489 [Contu
408 3427 484 3467 russo
506 3418 620 3466 moneat
642 3410 755 3480 Heleni,
783 3409 900 3481 Scyllum
922 3416 1004 3480 etuas
1026 3408 1192 3482 Cborybdim

14 3499 16 3564 i
269 3515 355 3583 luter,
376 3523 521 3588 mumque
542 3517 616 3570 oium
638 3516 685 3570 leti
707 3515 870 3570 dommine
887 3529 989 3586 porco,

270 3619 306 3674 lli
326 3627 440 3674 uacua!
459 3634 573 3687 cursum·
594 3625 699 3674 certum
722 3625 763 3673 eet
783 3617 854 3673 dure
875 3617 962 3672 liam
983 3612 1084 3696 semol.

14 3743 16 3814 p
62 3720 171 3792 Uncos,
203 3719 305 3800 quibus
327 3720 399 3778 baec
420 3719 543 3790 inclusi,
574 3719 697 3798 dempsit
719 3719 925 3799 hadewigius,
954 3719 1079 3797 dempsit
1106 3719 1193 3778 etiam

14 3815 16 3860 l
61 3825 209 3904 llauptius.
265 3825 330 3882 Non
362 3824 462 3882 dubito
489 3823 619 3902 equidem
649 3842 788 3882 summam
820 3823 1065 3903 disputationis
1056 3843 1085 3880 ιιι
1110 3821 1193 3883 Varr.

60 3929 151 3988 lectt.
186 3949 204 3988 a
235 3949 280 3987 nae
303 3927 456 3986 institutae
486 3928 650 3986 etiamnunc
679 3927 844 3996 sustinere,
874 3926 910 3984 ad
931 3944 1053 4004 eamque
1075 3927 1193 3986 remitto

61 4032 201 4114 legentes.
256 4033 314 4090 Sed
336 4051 416 4102 cum,
444 4031 512 4110 quid
535 4031 679 4109 llauptius
702 4032 738 4089 dc
760 4031 805 4088 bia
828 4029 922 4089 uerbis
945 4031 1071 4100 sentiat,
1102 4031 1193 4090 incer·

14 4175 16 4208 p
61 4146 114 4194 tum
138 4137 197 4208 sit,
231 4136 302 4195 libet
330 4154 423 4214 panca
457 4142 561 4194 contra
583 4134 748 4214 Ladewigii
771 4134 946 4192 sententiam
976 4132 1121 4212 proferre.
1167 4135 1194 4193 le

61 4251 138 4303 totus
160 4249 296 4304 versatur
318 4242 345 4301 in
369 4241 622 4321 interpretatione.
667 4239 761 4298 Verba
784 4243 889 4298 Ooatra
910 4243 985 4298 ium
1007 4250 1120 4297 moueat
1137 4242 1193 4296 lla·

62 4348 114 4406 lat
135 4347 327 4427 Ladewigius
359 4347 401 4405 ita
431 4346 599 4426 accipienda
629 4364 695 4404 esse
725 4344 786 4415 ait,
817 4352 850 4402 nt
880 4342 1006 4401 Aeneam
1037 4350 1193 4422 praecepta
