2842 4817
12 1027 14 1178 ι

472 209 616 260 Laelianas
635 205 817 272 Vergilianas.

147 395 151 406 ·
247 365 279 425 3.
302 362 473 432 intantum,
496 360 616 442 regina,
640 359 720 420 iales
743 379 888 421 renovare
908 360 1051 418 dolorem.

248 474 278 528 d.
302 469 454 528 Troianas
477 477 510 526 ut
533 484 604 544 opes
627 478 657 526 et
680 464 867 525 lamentabile
888 483 1011 544 regnum

244 575 277 633 5.
300 573 437 632 llruerint
454 570 571 652 Deum,
599 587 732 649 quaeque
754 570 817 648 ipse
839 569 999 628 anisarrima
1020 569 1090 640 vidi,
1178 607 1185 626 .

190 667 192 672 ¹
248 678 279 737 6.
300 679 340 736 llt
361 696 482 756 quorum
506 695 575 755 pars
598 694 705 756 magna
728 673 773 735 ini
795 707 837 719 -
860 675 926 753 qois
948 675 1020 733 talia
1042 673 1133 736 fando

299 781 513 858 Myrmidonum
531 779 716 857 Dolopumve
739 786 791 837 ant
811 778 876 836 duri
899 777 980 836 miles
1005 776 1085 838 Ulixi

297 884 458 963 Temperet
480 902 499 942 a
521 883 667 942 lacrimisi

12 987 13 1024 l
76 987 143 1068 ligo
173 1007 237 1048 cum
265 989 463 1067 superioribus
493 988 653 1048 editoribus
684 1006 796 1046 comma
820 990 902 1066 posui
927 987 955 1045 in
978 996 1110 1047 extremo
1134 1005 1220 1048 versu

76 1093 184 1163 tertio,
214 1103 349 1172 punctasm
379 1094 408 1152 in
440 1093 533 1152 medio
563 1103 651 1152 sexto
681 1099 751 1171 post
774 1096 827 1164 sei.
873 1092 933 1150 Neo
956 1111 1032 1150 nunc
1054 1099 1135 1151 muto
1158 1111 1221 1151 eam

74 1198 230 1258 rationem.
283 1198 450 1278 ingressum
477 1198 639 1268 orationis,
670 1217 755 1276 quam
784 1183 925 1257 etormet
957 1196 1117 1256 narrationi
1140 1217 1222 1276 prae·

78 1302 235 1374 mitti-ns,
257 1321 392 1384 gravata,
415 1303 558 1373 sedatum,
581 1302 769 1382 simplicitate
790 1301 1042 1362 commendabilem
1066 1322 1133 1362 esse
1154 1322 1222 1367 eonz

78 1406 176 1478 venit3
211 1425 301 1485 qnare
324 1407 493 1466 inusitatum
523 1425 618 1487 genas
643 1417 827 1477 structurae,
860 1407 976 1466 nimium
1004 1408 1091 1467 animi
1114 1417 1221 1466 motum

77 1511 226 1582 indicans,
249 1513 336 1591 quale
358 1511 486 1572 infertor
507 1532 560 1592 par
581 1513 659 1572 illam
683 1513 956 1591 interpunctionem,
979 1513 1104 1572 alienum
1126 1513 1162 1572 alr
1185 1533 1221 1574 eo
1310 1511 1317 1522 '

78 1625 211 1697 tempore
233 1617 413 1677 iudicandum
437 1626 494 1677 est.
527 1618 604 1676 Τιιιιι
629 1617 680 1675 illa
701 1636 826 1692 quaeqae
847 1621 906 1691 ipae
927 1623 1087 1676 miserrimo
1109 1622 1168 1676 nidi
1188 1621 1226 1677 Et

77 1741 195 1797 worout
224 1741 293 1796 pora
321 1742 426 1798 nopae
453 1726 498 1795 sai
527 1721 722 1782 adversantur
750 1722 797 1781 vel
828 1723 952 1782 maxime
979 1723 1022 1783 illi
1057 1725 1221 1784 mutationi.

79 1827 189 1906 Utique
210 1847 258 1890 res
289 1828 364 1889 istae
394 1828 437 1887 sic
458 1837 645 1906 comparatae
667 1836 770 1898 erant,
804 1837 837 1885 ut
865 1829 910 1886 nel
934 1828 1066 1888 hortibus
1088 1829 1224 1889 lacrimas

78 1932 157 1992 ciere
180 1940 318 2011 possent,
356 1943 388 1993 at
420 1953 477 1992 non
508 1932 594 1992 etiam
619 1940 793 2012 propterea,
824 1935 901 2013 qnod
931 1933 1114 1993 Aeneas'liis
1135 1935 1222 1994 rebus

79 2035 233 2109 interfuit,
265 2037 396 2097 hostibus
429 2035 579 2097 deflendae
608 2047 660 2097 aut
688 2039 775 2097 etiam
807 2038 998 2098 miserabilius
1026 2037 1223 2118 deplorandae

78 2148 174 2202 erant.
219 2142 374 2202 Pertinent
398 2142 469 2202 laec
492 2141 580 2202 verba
602 2141 637 2200 ad
662 2142 785 2200 animum
810 2141 976 2221 luctumque
996 2143 1090 2202 solius
1106 2124 1241 2204 Aeneae*

78 2263 255 2324 cansamque
278 2245 422 2316 indicant,
445 2263 535 2324 qnare
557 2245 643 2304 dolor
665 2263 703 2304 ex
726 2246 834 2306 amissa
857 2248 953 2326 patria
976 2257 1079 2319 namn,
1102 2249 1224 2311 Didonis

78 2350 234 2411 voluntate
258 2351 341 2410 modo
364 2352 569 2422 resuscitatus,
592 2352 679 2411 etiem
699 2353 796 2411 acrius
811 2353 934 2412 animum
950 2354 1067 2414 Aeneae
1080 2356 1223 2418 vulneret.

167 2454 239 2514 Aen.
265 2457 294 2525 2,
318 2457 478 2516 432-34.

298 2559 413 2620 Testor
440 2559 469 2616 in
493 2577 600 2618 occasu
624 2565 726 2618 vestro
750 2578 803 2617 nec
826 2559 886 2619 tela
909 2581 962 2620 nec
984 2562 1060 2620 ollas

298 2663 444 2724 vitavisse
467 2663 545 2723 vices
568 2663 720 2734 Danaum,
742 2671 790 2734 et,
813 2664 839 2723 ai
861 2665 926 2724 fata
951 2667 1086 2738 luissent,

295 2767 336 2828 Ut
357 2765 507 2838 caderem,
535 2767 675 2826 meruisse
698 2788 794 2828 maon.

38 2861 41 2868 ’
78 2870 273 2953 Ladewigius
295 2872 496 2952 interpungit,
524 2879 557 2930 ut
579 2880 648 2930 ante
670 2873 801 2949 lleynius
824 2869 868 2951 (iu
892 2870 979 2952 nota}
1003 2882 1033 2931 et
1054 2873 1222 2934 Peerlkam-

78 2980 145 3058 pius
167 2976 319 3046 fenerant,
344 2995 435 3055 nuper
456 2976 544 3036 etiam
570 2975 732 3056 Hauptiosx

302 3080 445 3142 vitavisse
468 3080 563 3153 nicos3
585 3079 718 3140 Danaum
740 3089 786 3151 et,
810 3081 835 3139 si
858 3079 923 3140 fata
943 3080 1081 3153 luissent,

297 3179 339 3246 Ut
361 3184 492 3244 caderem
516 3184 656 3244 meruisse
678 3203 782 3256 manu,

80 3293 138 3352 i..e
161 3299 192 3350 et
214 3291 372 3360 meruisse,
395 3297 429 3348 nt
451 3289 679 3347 mannllanaum
699 3289 844 3360 caderem,
866 3289 892 3347 si
914 3287 978 3348 fata
1001 3289 1137 3365 fuissent,
1160 3291 1224 3354 scil.

81 3405 115 3455 nt
140 3395 280 3454 caderem.
325 3394 416 3452 Nimis
440 3393 598 3473 perplexe,
631 3401 664 3453 ut
687 3395 754 3452 milri
778 3395 909 3466 videtur,
942 3414 995 3454 nec
1017 3399 1226 3465 convenienter

81 3501 261 3580 simplicitati
286 3499 482 3579 Vergilianas.
527 3498 616 3577 Atqui
643 3499 705 3559 seio
740 3500 816 3578 apud
848 3500 954 3558 hunc'
946 3501 1068 3562 inveniri
1091 3508 1225 3584 transpo

80 3607 206 3666 sitiones
230 3604 385 3684 quasdam3
410 3605 460 3662 sed
484 3603 568 3663 istam
593 3604 866 3682 transpositionem,
896 3612 1053 3684 antequam
1076 3609 1227 3669 consimile

80 3709 246 3788 exemplum
270 3729 307 3768 ex
331 3708 459 3768 Aeneide
481 3708 526 3769 vel
550 3727 566 3766 e
589 3707 746 3788 Georgicis
768 3708 890 3768 allatum
912 3708 1012 3781 fuerit,
1036 3729 1093 3768 non
1111 3713 1225 3773 credam

81 3818 109 3876 ei
134 3816 250 3895 placere
272 3814 423 3894 potuisse,
454 3813 625 3892 praesertim
657 3813 684 3870 in
697 3802 786 3872 libro
808 3813 851 3872 ita
872 3814 1021 3892 expolito,
1055 3817 1150 3894 qualis
1181 3827 1227 3878 est

81 3921 227 3981 secundm
251 3919 323 3978 liber
345 3919 501 3978 Aeneidos.
545 3916 715 3976 Difficultas
745 3889 845 3977 horum
874 3920 1025 3979 verborum
1055 3922 1154 3999 posita
1181 3931 1228 3982 est

82 4028 111 4086 in
136 4024 278 4087 vocabulo
301 4028 388 4096 vices,
424 4024 500 4103 qnod
530 4021 776 4102 significationem
807 4023 859 4082 lrie
883 4024 970 4082 lebet
991 4025 1104 4083 nobis
1096 4028 1227 4108 incogni-

81 4139 152 4190 tam
199 4133 263 4210 Age
286 4129 396 4208 igitur,
429 4126 622 4197 Anthoni,
653 4127 809 4204 experiare
838 4147 963 4199 mecum,
996 4128 1021 4186 si
1044 4147 1128 4207 quam
1152 4131 1226 4192 eiam

83 4235 274 4304 inveniamus,
298 4251 383 4312 qnam
405 4233 532 4313 ingressi
555 4240 678 4292 mentem
697 4240 804 4311 poetae
825 4251 1023 4312 assequamur
1069 4234 1152 4295 Haud
1174 4255 1227 4314 pro

83 4339 175 4398 nihilo
198 4337 356 4398 ducendum
380 4339 557 4417 putaverim,
587 4337 663 4416 qnod
694 4337 815 4396 Servius
846 4337 923 4398 vices
951 4340 1162 4419 interpretatur
1176 4359 1225 4415 pu·
