2842 4817
230 195 295 256 110
663 194 783 261 Philippi
802 195 937 262 uapor

222 351 302 422 puio,
325 344 406 421 nqut'z'
428 349 585 417 mcum,
607 349 686 404 deam
710 351 863 421 namucus.
884 352 957 404 eines
979 351 1131 417 iuncum,
1152 352 1206 405 dec
1228 352 1374 420 s'eprlnu's,⁸

222 447 296 509 enon
313 453 464 522 innodent,
495 453 575 510 burm
603 455 738 524 susm
769 452 841 510 baec
872 451 930 510 tria
958 459 1090 510 extrema
1111 452 1196 510 etium
1218 451 1303 531 groti
1326 451 1374 508 iu·

104 591 107 598 ,
222 554 426 633 terpunctinnc
460 553 536 617 iuter
562 574 597 614 se
624 553 777 633 dirempta.
831 556 861 614 lo
893 562 1065 615 extremo
1097 554 1269 614 hexametro
1297 563 1374 612 sunt

224 659 443 720 lenissimae
464 659 689 739 tutissimaeque
712 658 870 731 elisiones3
903 659 933 717 in
962 659 1007 718 bia
1038 677 1140 717 rursus
1161 659 1286 717 monime
1308 657 1374 717 fre·

223 772 413 844 quentuntur‚
437 783 512 844 quae
534 763 608 826 fiunt
630 765 659 827 io
683 765 790 843 copula
807 782 875 838 pne,
898 783 952 822 nee
972 764 1061 822 nliter
1081 771 1196 835 nmen,
1227 765 1252 823 si
1275 775 1373 836 recte,

160 925 163 931 ,
224 878 257 928 ut
279 877 369 950 putu,
393 869 565 940 observavi,
599 869 652 927 nisi
677 869 733 940 itu,
762 875 796 926 ut
815 888 853 926 es
875 867 981 947 tepula
1002 867 1156 928 subiuncta
1178 869 1218 929 sit
1240 871 1374 930 nomina·

224 976 284 1036 tiso
309 974 430 1054 pluruiis
453 973 563 1052 primae
582 953 789 1034 declinationis
811 982 863 1032 aut
885 973 992 1053 plurali
1015 980 1194 1044 neutrarum,
1217 982 1251 1032 nt
1274 978 1372 1033 ilocu-

221 1085 314 1154 tioqae
346 1082 438 1153 ando,
470 1081 650 1153 Flooinlcpne
678 1121 687 1138 .
710 1119 718 1136 .
744 1121 751 1136 .
781 1083 969 1153 Saturniaque
999 1121 1006 1137 .
1031 1120 1039 1138 .
1062 1125 1070 1140 .
1101 1082 1257 1165 fundoque
1285 1099 1374 1152 arna,

205 1169 206 1172 Ἴ
225 1187 405 1259 Cerealiaque
427 1225 434 1242 .
460 1229 465 1242 .
491 1227 497 1240 .
526 1186 714 1256 Volcaniaque
737 1224 790 1241 ...
813 1186 961 1257 unumque
981 1203 1074 1255 mu,
1099 1187 1263 1260 tutelaque
1276 1197 1374 1258 curn,

225 1291 416 1364 Ephyreiaque
440 1307 528 1360 uero,
550 1289 718 1364 quomque
741 1297 848 1356 mut,
870 1291 1091 1362 mellosum
1111 1291 1215 1360 buerit,
1236 1310 1373 1365 spem.

224 1399 318 1469 linque
340 1397 432 1465 addit,
454 1395 603 1469 abditaque
624 1396 708 1464 intuo,
731 1397 880 1468 omnisque
901 1397 933 1450 in
954 1412 991 1450 se.
1034 1393 1095 1452 Nec
1117 1413 1186 1454 raro
1208 1415 1297 1471 neque
1319 1397 1374 1456 eli-

225 1499 323 1569 ditur,
345 1517 432 1572 nepae
455 1499 531 1556 illuns
554 1541 560 1554 .
585 1541 591 1554 .
616 1541 623 1555 .
646 1499 713 1556 illue
735 1539 743 1556 .
766 1539 775 1556 .
799 1538 806 1554 .
828 1498 905 1570 illos,
927 1516 1015 1571 nepte
1036 1501 1090 1570 ipsi
1183 1503 1259 1571 lpse,
1282 1521 1377 1576 neque

224 1622 327 1674 auras,
349 1621 436 1678 usqne
459 1599 575 1675 swan,
598 1619 686 1676 nequo
708 1606 800 1676 ipses,
821 1619 911 1681 neque
932 1602 1048 1672 intres,
1068 1620 1156 1676 sepite
1178 1605 1257 1675 ludi,
1280 1623 1377 1679 neque

223 1711 305 1768 ultra
338 1708 457 1768 Accedit
479 1707 659 1787 praepositio
683 1708 836 1778 stuteville,
858 1709 919 1763 siue
941 1709 1017 1778 ὁσίας
1038 1707 1112 1766 adde
1133 1709 1182 1766 nto·
1199 1712 1305 1785 inpane,
1331 1713 1377 1767 ibi

225 1817 322 1872 erneis.
368 1811 463 1872 Semel
487 1810 658 1872 infinitivum
682 1811 750 1870 elidi
773 1811 886 1869 nemini
908 1814 1060 1869 intremere
1081 1832 1197 1887 omnen,
1221 1837 1295 1896 qnae
1320 1820 1375 1879 eli·

225 1918 290 1988 sio,
314 1926 346 1976 ut
369 1917 506 1996 quaedam
532 1916 607 1975 oliae
631 1915 696 1976 aliis
719 1914 835 1974 sedibus
857 1912 967 1985 fuctus,
992 1916 1128 1976 maiorem
1150 1920 1207 1980 vim
1228 1924 1375 1983 conciliet

226 2022 363 2082 orationi.
395 2021 557 2082 Praeterea
580 2020 724 2080 notabiles
748 2029 816 2080 sunt
839 2020 977 2082 elisiones
999 2033 1081 2098 atquc
1102 2026 1155 2082 boe
1176 2030 1376 2086 onlnobnnri

228 2130 277 2198 12,
301 2129 360 2197 26,
390 2133 420 2184 et
446 2127 516 2184 boec
537 2128 634 2184 endem
657 2130 751 2199 essen
776 2130 824 2198 10,
847 2130 926 2200 508,
958 2137 1081 2209 utraque
1112 2130 1225 2191 minnie
1253 2151 1373 2213 eompu-

225 2232 317 2293 randu
338 2250 400 2292 cum
425 2229 637 2313 Ladewigiunu
666 2230 718 2292 illa
746 2236 845 2307 sepum
866 2235 952 2290 illunc.
1004 2226 1157 2306 Ceterum,
1187 2245 1222 2295 ut
1242 2239 1299 2296 boc
1323 2241 1374 2298 ed·

219 2327 301 2407 dum,
324 2335 351 2393 in
369 2335 470 2414 quinto
495 2336 566 2415 pede
588 2354 614 2393 m
638 2336 757 2396 eliditur
779 2337 807 2394 in
830 2337 942 2397 duobus
965 2338 1125 2415 trisyllabis
1151 2343 1253 2398 llinnc
1275 2353 1304 2400 et
1325 2348 1376 2401 in-

224 2449 344 2516 penset
367 2445 516 2498 omnium
539 2460 657 2516 epeoos‚·
686 2462 807 2522 quorum
831 2442 902 2501 illud
925 2445 1143 2504 excusationem
1170 2445 1256 2505 bobet
1278 2467 1298 2506 a
1322 2469 1375 2508 uo·

227 2547 308 2618 mine,
324 2545 454 2625 proprio,
478 2546 533 2606 boc
555 2545 590 2605 ab
613 2567 665 2617 eo,
689 2549 766 2626 qnod
789 2548 881 2628 uulgo
905 2550 977 2608 baec
999 2549 1254 2630 coniungebantur
1274 2571 1376 2613 rerem

225 2656 345 2710 omnium
369 2669 488 2726 cpcnus3
511 2650 546 2710 ub
570 2651 614 2709 bis
637 2652 781 2712 diuersum
805 2662 852 2712 est
873 2658 920 2710 esci
942 2666 1059 2711 nentem
1079 2660 1256 2731 animumque
1278 2659 1375 2728 6‚11.

225 2791 267 2800 -—
280 2756 338 2815 Sed
354 2765 386 2814 ut
402 2756 438 2815 ad
454 2775 517 2814 eum
542 2756 636 2815 luerim
660 2765 851 2830 revertemur,
873 2759 948 2818 unde
970 2760 1097 2839 digressi
1120 2780 1233 2819 sumus:
1256 2780 1293 2820 ne
1316 2763 1379 2822 fuit

226 2861 338 2940 quidem
374 2860 433 2920 ulla
463 2861 617 2952 mutandae
645 2845 781 2922 lectionis
802 2883 908 2936 cnusa3
939 2883 1003 2922 nam
1031 2864 1163 2944 explebis
1184 2867 1377 2952 sententium,

227 2964 464 3044 quemadmodum
496 2966 643 3027 subiectus
679 2988 783 3027 versus
805 2976 970 3046 monstrat,
1005 2969 1081 3028 bunc
1102 2970 1130 3028 iu
1153 2969 1283 3029 modum:
1320 2982 1379 3044 „ut

226 3068 324 3129 videre
348 3068 497 3131 Camillam
523 3070 601 3130 teia
624 3091 727 3132 mann
749 3072 986 3133 iacientem''.

654 3344 750 3426 Caput
777 3345 931 3416 Quartum.

623 3499 673 3564 De
698 3497 974 3588 interpunctione.

313 3697 430 3760 Omnem
453 3695 488 3755 de
511 3693 745 3777 interpunctione
767 3694 978 3756 dissensionem
1001 3692 1152 3775 persequi,
1175 3712 1233 3751 non
1255 3700 1303 3750 est
1325 3692 1380 3751 bu·

229 3801 273 3862 ius
297 3801 365 3859 inei.
400 3801 501 3879 ltaque
524 3808 634 3860 tantum
659 3803 694 3860 de
716 3822 754 3861 eo
776 3821 887 3882 genere
903 3798 1146 3880 interpunctionis
1161 3798 1207 3855 bic
1228 3797 1381 3855 disserere

228 3906 255 3969 iu
279 3905 374 3964 animo
397 3912 459 3975 est,
493 3906 569 3983 quod
598 3903 695 3966 afficit
718 3906 910 3976 seutentiam,
940 3906 968 3964 in
1000 3924 1056 3984 quo
1087 3922 1198 3985 genere
1228 3901 1303 3960 baud
1335 3903 1381 3961 ito

227 4010 329 4070 crebra
353 4009 548 4088 discrepantia
571 4030 637 4070 esse
660 4019 769 4089 potest.

314 4115 527 4193 Aen.2,3sqq.
573 4115 617 4173 Ex
641 4114 960 4186 Haeckermenni‚
983 4113 1062 4173 docti
1086 4113 1208 4172 bominis
1232 4112 1380 4182 elocuti,

229 4219 394 4288 sententia,
425 4217 461 4276 ad
485 4237 568 4297 quam
593 4237 669 4277 nune
694 4220 807 4278 uccedit
827 4219 928 4299 gravis
952 4218 1115 4277 auctoritas
1137 4214 1273 4296 Hauptii,
1304 4217 1380 4275 irnec

229 4320 271 4380 itu
294 4321 474 4400 interpunxit
497 4321 705 4401 Ludewigius:
