2842 4817
468 214 611 265 Lectiones
631 214 813 280 Vergilianas.
1174 217 1215 277 53

73 378 135 429 ctus
159 370 326 448 suspiratur
349 370 444 429 verba
467 374 578 427 &men
608 388 689 429 amur
718 381 837 429 oestrum
859 390 926 428 csse
960 370 1144 439 adventicio,
1174 390 1220 428 so·

76 474 129 531 lum
160 474 284 531 alterum
315 473 524 533 hemistichium
554 476 666 546 throne
698 479 809 548 iosipoe
835 484 974 547 patmus
1011 474 1220 553 Vergilianum,

76 578 101 635 in
124 597 161 635 ea
185 596 301 655 quaque
331 575 456 635 fallitur.
516 577 586 636 Nam
618 597 681 637 cum
712 578 805 637 mults
833 586 992 637 constetn
1021 577 1153 657 i'ergiiio
1176 596 1218 635 re·

77 680 144 739 licta
173 700 240 739 esse
272 680 455 739 hemistichia
489 702 546 739 non
584 682 620 739 nd
655 682 816 741 hexametri
849 682 1050 761 integritstem
1089 680 1218 759 expietn.

77 785 182 843 nulium
206 792 263 855 est,
277 780 362 862 'quod
386 785 578 864 posteriorem
603 794 715 844 tanturn
740 794 850 866 partem
874 778 1041 845 hexameffl
1060 785 1189 865 implent.

159 888 232 945 Aen.
259 890 308 957 10,
332 891 404 947 237.
453 892 515 947 Teio
537 893 612 947 inter
625 894 719 947 media
732 900 815 964 atque
830 889 978 947 inarmatis
991 890 1079 947 'orte
1092 891 1214 947 heduos.

77 996 200 1049 ardentis
231 994 320 1049 ttnrte
348 992 539 1071 {navigius
562 1001 593 1051 et
623 992 769 1070 Hauptins
803 992 839 1050 de
877 992 1025 1051 sententia
1054 991 1213 1049 Ribbeekii.

77 1097 211 1175 Equidem
235 1095 281 1157 vei
305 1102 471 1175 propterea,
495 1096 572 1175 quud
594 1097 773 1166 Medicenrn,
802 1097 973 1175 ubicumque
995 1096 1023 1153 id
1047 1104 1128 1153 reete
1149 1094 1213 1153 fieri

77 1200 152 1270 licet,
176 1200 352 1281 sequendum
377 1201 444 1265 mihi
466 1202 568 1270 statui,
592 1200 705 1259 retineo
726 1201 882 1271 baventia,
904 1200 982 1279 quud
1004 1208 1052 1258 est
1074 1199 1102 1257 iu
1126 1199 1213 1257 omui·

76 1304 123 1363 bus
146 1305 227 1363 libris
250 1312 376 1382 excepto
407 1324 464 1364 una
489 1304 627 1363 Palatino
658 1304 735 1382 npud
758 1303 947 1363 Ribbecbinur
972 1323 1041 1383 pag.
1065 1307 1123 1375 413
1153 1313 1212 1361 tarn

76 1410 222 1488 horreatis,
246 1408 322 1486 quad
348 1416 395 1467 est
417 1407 567 1467 difficilius
589 1409 626 1467 ad
650 1407 864 1487 explicandum,
886 1406 1006 1466 facilins
1027 1408 1056 1467 iu
1077 1410 1214 1471 armar.

77 1514 125 1571 uisi
151 1514 178 1572 id
203 1533 310 1572 ineram
334 1520 381 1571 est
404 1513 554 1583 mendum,
586 1513 691 1571 mutari
722 1512 840 1591 patuit,
870 1532 954 1591 quom
985 1513 1042 1571 hnc
1072 1512 1101 1570 in
1133 1512 1213 1571 iliud.

76 1616 132 1675 Nec
155 1625 227 1694 puto
250 1636 327 1685 esse,
351 1616 431 1703 quud
450 1615 637 1695 desperemus
659 1616 695 1673 de
716 1615 892 1694 explicanda
915 1614 971 1673 boe
993 1616 1136 1695 epitheta,
1160 1636 1212 1675 nec

76 1719 240 1798 desperavit
254 1719 396 1795 bieynius.¹
439 1720 481 1777 Eo
503 1719 609 1789 Tibi,
634 1718 817 1788 duthnui,
843 1722 966 1788 tuam
988 1738 1045 1797 sq„
1066 1718 1124 1789 nbi,
1146 1720 1211 1777 dum

77 1824 108 1881 ad
131 1843 260 1903 pugnarn
286 1823 463 1901 praecedunt
486 1823 615 1901 equites,
648 1821 730 1892 „iate
753 1821 870 1880 ferrens
891 1822 985 1881 hastis
1007 1822 1117 1881 Horret
1138 1842 1214 1903 ager

77 1928 224 2006 campique
254 1926 342 1985 aruris
370 1925 538 1985 sublimibus
567 1926 709 1997 ardeut”;
739 1934 863 2004 nppnret
894 1946 952 1983 nan
983 1926 1075 2005 ipsum
1109 1944 1213 2004 agrum

76 2033 202 2101 tumuere,
226 2029 276 2087 sad
299 2038 428 2087 armatos
451 2028 580 2089 homiues
604 2030 705 2089 hastas
727 2029 845 2088 crebras
866 2030 1030 2108 densosque
1052 2030 1211 2109 erigentes.

76 2136 125 2192 ta.
140 2135 228 2193 breve
258 2132 378 2193 faciam:
410 2133 563 2191 horrentes
586 2132 682 2191 Marte
705 2132 804 2191 Latini
836 2131 904 2191 nihii
930 2130 1069 2191 differunt
1100 2133 1136 2192 ab
1166 2134 1212 2203 iis,

77 2260 145 2318 quos
170 2248 259 2317 poeto
285 2242 340 2307 10,
367 2240 426 2297 178
450 2238 584 2307 „densus
607 2236 792 2297 horrentibus
814 2237 928 2294 armis’'
951 2237 1121 2316 appellavit,
1143 2240 1162 2298 i.
1185 2258 1209 2296 c.

76 2344 228 2425 αἲχμηιάς,
253 2342 444 2423 diffiniturus,
470 2364 544 2423 quus
567 2344 609 2403 ita
627 2346 843 2422 interpretatus
865 2350 913 2401 est
935 2342 1093 2422 Vergilius.

156 2450 229 2507 Aen.
256 2452 304 2517 10,
328 2449 400 2507 293.
446 2448 575 2505 Advertit
593 2448 682 2505 sabito
705 2467 823 2525 proras.

72 2572 187 2626 proram
211 2552 401 2632 Ladewigins
424 2560 455 2611 et
478 2552 632 2631 houptine,
651 2571 757 2626 prom
779 2570 880 2611 amnes
903 2550 985 2621 iibri,
1015 2550 1101 2608 etiarn
1123 2548 1211 2607 btcdi·

75 2677 159 2727 cens,
190 2657 244 2715 nisi
275 2656 351 2734 quad
381 2656 410 2715 in
433 2656 489 2713 hoc
508 2674 627 2729 proram
650 2656 803 2716 substituit
823 2658 951 2717 secunda
973 2674 1083 2715 manus.
1141 2654 1210 2711 Sen-

75 2762 165 2819 tentia
188 2768 339 2837 utramque
363 2761 489 2837 patitur3
512 2779 575 2818 onor
598 2769 629 2819 et
651 2780 724 2820 snae
745 2763 827 2822 navis
850 2780 964 2842 proram
987 2757 1115 2819 advertit
1134 2756 1210 2813 'Par-

75 2866 145 2923 cbao
169 2864 265 2932 litori,
288 2873 319 2921 et
340 2872 502 2923 eeterururn
526 2884 629 2944 proras
651 2866 763 2925 adverti
795 2866 867 2925 uuit.
912 2866 1014 2943 itaque
1036 2881 1099 2922 cnm
1122 2860 1210 2919 Medi·

75 2972 114 3028 cei
138 2970 334 3029 testimonium
358 2967 552 3029 adulteratum
575 2969 733 3049 abaliquo
755 2971 899 3039 videntur,
921 2968 969 3047 qni
992 2967 1122 3026 fortusse
1146 2984 1209 3042 pra·

76 3085 137 3154 pter
170 3097 282 3136 versum
314 3076 376 3135 297
408 3075 579 3155 „Frangere
603 3093 656 3133 neu
678 3073 731 3132 tali
755 3074 896 3151 puppim
925 3072 1055 3130 statione
1085 3069 1210 3128 recuso‘'

73 3200 197 3254 proram,
221 3202 277 3240 uno
298 3198 418 3254 proras,
451 3180 606 3260 legendnm
635 3178 867 3248 existimaverit,
902 3176 989 3235 uaiim
1020 3183 1162 3234 retentum
1192 3192 1209 3229 a

75 3306 116 3344 ne
140 3286 293 3345 lectionem
316 3285 461 3345 deserere.

158 3391 230 3449 Aen.
247 3393 295 3459 10,
306 3392 378 3449 303.
398 3412 399 3415 ’
423 3392 546 3463 Namque
568 3390 675 3460 inflicta
698 3387 781 3447 vadis
804 3390 888 3444 dorso
911 3386 975 3441 dam
986 3386 1088 3456 pendet
1101 3380 1207 3455 istique.

75 3499 138 3551 nodi
159 3498 243 3551 dorso
266 3493 455 3573 Ladevvigius
478 3504 508 3551 et
532 3493 692 3571 Hauptius,
716 3491 844 3569 quadiu
868 3488 947 3549 anila
970 3486 1070 3545 codice
1093 3486 1210 3553 tectum,

77 3606 277 3677 praeterquam
307 3597 334 3655 iu
358 3596 514 3666 Psintino,
545 3596 728 3655 comanendat
749 3593 924 3652 Ribbecbius
954 3611 1023 3670 pag.
1047 3592 1099 3649 ⁴0.
1143 3590 1210 3649 Ser·

75 3703 155 3761 vius:
186 3701 321 3772 „Probus
342 3704 422 3757 ouon
443 3704 529 3759 dorsu
551 3720 603 3779 pra
626 3700 701 3760 vada
728 3700 835 3758 dictum
859 3704 959 3775 putat,
991 3703 1023 3753 ut
1045 3694 1073 3753 iu
1096 3694 1208 3773 Georg.

76 3809 104 3876 3,
127 3809 190 3865 436
212 3809 296 3863 dorso
318 3801 471 3875 nemoris”,·
494 3806 544 3863 scd
568 3805 595 3862 id
618 3804 709 3883 ipsam
728 3802 893 3861 mendosum
906 3819 972 3857 esse
989 3799 1093 3878 probat
1115 3818 1210 3857 exem·

75 3910 151 3987 plum
174 3930 190 3968 e
211 3910 368 3988 Georgicis
391 3909 543 3968 adiectum.
588 3909 759 3977 Praeterea,
783 3917 815 3964 ut
829 3916 941 3965 taceam
964 3903 1085 3983 proclivi
1109 3922 1210 3961 errare

75 4024 232 4073 extremam
256 4014 369 4073 literam
393 4013 526 4073 vocabuli
555 4016 634 4071 nadis
664 4012 759 4071 amitti
789 4010 939 4090 potuisse,
968 4008 1092 4087 vulgata
1121 4006 1210 4065 tectio

76 4138 126 4195 per
148 4138 180 4177 se
203 4126 249 4177 est
271 4117 538 4187 commendabilior,
571 4118 639 4195 quia
662 4106 757 4176 verbis
779 4116 886 4187 indicto
908 4115 987 4169 nadis
1009 4128 1099 4169 consa
1117 4109 1209 4167 reddi·

75 4232 139 4293 tar,
162 4242 252 4301 qnare
274 4220 338 4291 fiat,
361 4230 393 4279 ut
417 4221 542 4298 pendeat
557 4220 661 4279 ‚dorsa

159 4326 229 4405 den.
257 4328 308 4395 10,
331 4326 404 4383 dii.
449 4326 519 4383 Fata
541 4334 649 4383 canens
672 4325 747 4379 siluis
768 4324 879 4393 petitor
902 4319 1011 4377 celarat
1032 4317 1186 4373 Hniaesam.
