2842 4817
176 191 198 252 8
229 246 231 250 .
610 189 732 257 Philippi
750 189 887 257 Wugueri
922 184 927 189 ’

183 362 249 401 esse
271 343 356 413 dicit,
387 363 445 422 que
467 343 496 401 lu
518 363 552 401 re
573 362 680 404 vereor
704 364 740 402 ue
761 343 926 403 Germanioi
953 342 1097 402 sermonis
1119 341 1331 401 cousuetudine

182 446 322 525 deeeptus
345 448 394 505 sit.
427 446 560 527 Denique
583 446 651 526 quid
674 448 789 507 tundere
813 447 941 529 eogebet
957 447 1115 527 Vergilium
1132 448 1195 505 lroe
1217 446 1330 504 elicere:

184 551 226 609 uti
250 552 345 630 pisces
369 550 553 611 terrestrium
574 552 739 611 enimuliuss
770 562 903 613 nutureru
934 554 1072 621 induent,
1101 552 1143 610 itu
1167 550 1246 611 oervi
1276 548 1330 629 pis·

185 656 292 714 ciust
326 656 453 716 Constet
475 664 593 717 veteres
616 664 722 735 poetes
744 658 821 716 lreud
844 658 887 716 itu
908 656 1061 716 lelorusse
1083 658 1112 715 iu
1127 655 1331 734 comparandis

185 758 325 819 eiusmodi
356 760 460 831 rebus,
490 767 523 819 ut
554 760 678 819 alterum
709 760 797 820 elteri
820 761 903 841 quusi
927 761 963 818 ed
985 760 1123 818 enussiru
1144 760 1331 839 respoudeut.

272 885 335 961 uel.
358 900 381 971 l,
405 900 456 959 65.
503 901 609 957 Ouum
633 899 833 979 {ludewigius
869 900 899 958 lu
921 901 1057 959 lemmate
1079 898 1175 960 Servii
1189 898 1332 958 Dresdeoi

185 1017 232 1067 est
256 1010 371 1076 (leuse,
401 1004 497 1064 etsie
521 1003 622 1083 optimi
645 1003 727 1075 libri,
754 1004 838 1083 puuei
861 1024 900 1063 ex
922 1002 1116 1062 deterioribus
1139 1005 1255 1063 Ουτοι.
1301 1006 1332 1063 lu

185 1112 352 1191 Houptiuuu
374 1107 503 1167 editione
525 1114 677 1166 exoratum
703 1108 817 1169 invenio
842 1110 930 1179 θαι,
953 1107 1031 1188 quod
1054 1105 1109 1165 uisi
1132 1108 1226 1165 errori
1249 1116 1332 1187 typo·

186 1217 287 1275 thetue
318 1212 499 1274 tribuendum
533 1221 599 1283 est,
644 1215 871 1293 exspeotuuduus
902 1212 980 1283 erit,
1025 1214 1170 1294 quomodo
1214 1223 1334 1275 tueutur

187 1320 352 1399 fluuptius„

274 1458 335 1515 uel.
363 1459 412 1527 10,
439 1458 488 1515 19.
533 1455 651 1529 Teneo,
674 1455 751 1536 quod
776 1456 805 1514 iu
828 1455 909 1515 libris
931 1466 1049 1531 exstet,
1072 1468 1105 1519 ut
1125 1459 1251 1534 videtur,
1274 1481 1332 1521 ous-

189 1563 281 1633 uibus,
305 1562 419 1633 subulci,
442 1558 643 1619 confirmatum
668 1560 754 1618 etiem
778 1578 795 1617 a
818 1560 933 1633 Servio,
957 1562 1050 1622 donee
1062 1563 1209 1624 refutatus
1231 1566 1333 1627 videro

189 1667 320 1725 rationes
355 1666 384 1725 in
417 1666 499 1725 Verr.
530 1666 628 1725 Leett.
659 1666 802 1745 prolutus.
859 1667 898 1727 Ut
930 1668 1139 1749 Ledewigius,
1172 1669 1215 1727 sio
1245 1670 1333 1728 etium

145 1791 150 1800 ·
189 1774 333 1852 uuupous
356 1774 447 1833 eursu
471 1776 591 1834 suono.
636 1773 724 1839 ouou
745 1772 866 1832 inuuunt
887 1771 946 1830 sta
968 1772 1124 1831 uiuacior
1150 1777 1178 1844 ι,
1193 1776 1235 1832 so
1254 1769 1333 1850 „iv-

102 1893 104 1897 ’
189 1880 249 1936 θον
271 1882 315 1939 tol
335 1880 453 1956 βῶται
483 1883 533 1938 καῖ
561 1881 702 1959 ereptore,
739 1875 857 1957 ᾠπόλοι
878 1872 1010 1952 ἢνθον,”
1044 1876 1072 1935 id
1102 1878 1232 1957 equidem
1265 1879 1333 1938 uilril

189 2002 301 2053 moror,
326 1984 461 2062 quonium
484 1983 631 2042 bubulci
647 1983 754 2042 mentio
770 1982 847 2061 epod
863 1980 1022 2062 Vergilium
1039 1979 1074 2039 fit
1088 1982 1222 2062 proximo
1238 2004 1333 2046 versu.

190 2087 332 2165 Cuprorio
355 2088 510 2147 Theocriti
535 2088 682 2170 Vergilius
705 2086 857 2147 substituit
879 2084 1046 2159 subulcum,
1077 2106 1130 2145 nee
1159 2087 1194 2146 eb
1225 2090 1279 2147 hoo
1301 2089 1334 2147 li·

190 2189 292 2249 berere
314 2198 453 2270 poterunt
476 2200 611 2271 poetam,
635 2201 783 2273 quotquot
804 2191 935 2251 fortusse
958 2199 1060 2261 eruut,
1090 2190 1193 2271 quibus
1216 2191 1336 2252 sordent

190 2294 327 2353 subulcus
352 2315 423 2354 nuso
447 2315 607 2376 suspensus
630 2297 755 2357 uduueo.

277 2418 389 2499 Georg.
414 2420 436 2490 Ι,
460 2420 511 2478 35.
534 2422 667 2495 relinquit
688 2419 880 2500 hedewigius
902 2428 934 2477 et
955 2418 1110 2498 lluuptius.
1143 2419 1212 2499 Ego
1235 2421 1335 2480 etiem·

192 2540 265 2582 nuuc
288 2541 375 2583 servo
399 2522 554 2583 lectionem
578 2532 610 2581 ut
633 2521 839 2594 difficiliorem,
863 2522 929 2604 (sed
944 2523 1172 2603 queeexplieeri
1187 2526 1337 2585 commode

191 2626 299 2705 possit)
324 2626 365 2685 itu
388 2646 532 2686 consensu
557 2627 732 2707 optimorum
755 2626 894 2686 librorum
924 2626 1139 2704 comprobatum
1169 2633 1291 2707 reliquit.

277 2748 389 2827 Georg.
417 2752 444 2819 1,
468 2752 519 2809 50.
564 2730 729 2810 [liversites
753 2747 895 2827 queedeuu
918 2751 1145 2827 proecepto‘ruus
1163 2754 1278 2813 videtur
1300 2757 1338 2814 Ae

190 2853 353 2932 requirere3
378 2862 409 2913 et
426 2854 480 2913 hoo
495 2852 692 2932 probaverunt
709 2852 829 2913 bedese.
844 2861 875 2911 et
887 2852 1043 2931 Huuptius.
1076 2854 1148 2914 Mihi
1162 2856 1276 2936 quidem
1294 2858 1336 2917 itu

191 2957 318 3017 videtur:
341 2959 377 3016 de
400 2958 617 3040 ugriooletloue
639 2976 702 3017 oure
728 2958 860 3017 dicturus
882 2967 963 3017 esset
985 2966 1092 3038 poeto,
1115 2962 1235 3039 priumur
1258 2982 1334 3023 eous·

190 3080 351 3121 memorare
373 3061 494 3121 debebat
516 3062 545 3120 iu
568 3062 645 3142 quod
668 3062 833 3141 primarium
856 3069 918 3134 est,
946 3065 1127 3137 orationem
1155 3064 1198 3125 sio
1220 3064 1272 3139 fit,
1302 3077 1336 3126 ut

191 3165 287 3225 lector
308 3165 407 3225 stetim
431 3166 465 3225 ub
488 3166 625 3247 ingressu
658 3167 686 3225 iu
716 3168 836 3227 medium
866 3187 927 3227 reru
957 3169 1101 3247 rapietur.
1151 3171 1206 3231 Est
1228 3180 1336 3245 ouen,
1413 3147 1415 3153 i

191 3271 268 3350 quod
291 3278 360 3331 oute
382 3270 541 3333 observare
562 3271 667 3331 debeut
689 3270 836 3351 egriools,
858 3270 933 3330 eseli
956 3271 1071 3352 solique
1088 3281 1220 3335 uutureru
1237 3276 1336 3335 euleu·

191 3374 277 3454 dique
299 3375 444 3434 retiouem
466 3376 532 3435 huie
555 3376 814 3446 eooommoduteur,
838 3394 955 3455 quoque
978 3375 1045 3437 loeo
1063 3377 1147 3456 quusi
1165 3399 1219 3457 per
1234 3401 1335 3441 munus

191 3478 337 3538 traditum.
383 3480 425 3537 lle
448 3498 496 3539 res
519 3489 616 3539 eutero
639 3500 702 3540 eum
727 3480 791 3559 ipse
812 3480 947 3539 erutione
969 3480 1011 3539 ite
1032 3482 1190 3543 oouiuuete
1212 3494 1269 3557 est,
1291 3496 1336 3559 ut,

73 3616 77 3627 ·
192 3583 240 3663 qui
263 3584 291 3641 iu
314 3604 349 3642 eo
375 3584 497 3663 negotio
528 3592 609 3644 reete
639 3584 751 3646 verseri
785 3583 872 3653 velit,
901 3583 960 3641 iste
988 3588 1113 3648 seleutia
1143 3610 1247 3653 curere
1276 3615 1335 3653 uou

191 3686 302 3763 possit3
327 3696 507 3769 quopropter
528 3698 627 3769 poete,
649 3698 806 3769 eutequeru
831 3698 939 3771 perget
959 3692 1061 3750 urendi
1076 3706 1233 3777 proeceptu
1254 3698 1335 3770 dere,

191 3790 269 3869 quod
291 3788 326 3850 fit
348 3811 392 3851 vs.
408 3792 449 3851 63
463 3812 538 3872 sqq,
561 3792 597 3851 de
620 3793 672 3851 illu
694 3796 796 3873 paucis
818 3796 871 3857 sibi
891 3798 1041 3859 dieeuduru
1058 3798 1226 3861 erbitretur.
1264 3802 1335 3861 Cum

191 3903 286 3955 autem
311 3897 453 3956 nuturelis
476 3898 615 3977 quueduiu
639 3899 807 3960 coniunctio
831 3902 908 3961 iuter
929 3922 981 3963 ees
1003 3923 1051 3963 res
1074 3904 1253 3979 intercedet,
1277 3929 1335 3968 nou

192 4000 306 4079 poturit
327 4000 381 4061 sibi
404 4001 593 4080 opponendus
617 4022 670 4080 per
692 4003 741 4072 Au,
772 4004 824 4063 sed
852 4006 1031 4085 eopuluodes
1054 4028 1106 4087 per
1128 4011 1184 4080 Ae,-
1213 4030 1287 4091 ques
1310 4013 1336 4072 si

192 4122 313 4185 prorsus
336 4105 479 4164 discretus
513 4106 589 4165 iuter
619 4125 652 4167 se
684 4125 751 4165 esse
777 4108 903 4167 voluerit
933 4119 1038 4189 poete,
1066 4112 1130 4171 iure
1159 4114 1333 4189 mirelinur,

193 4209 268 4288 quod
293 4209 381 4289 puolo
405 4218 473 4288 post
496 4210 573 4270 redit
586 4211 622 4270 au
638 4212 814 4283 erutioueu,
839 4233 892 4273 uee
907 4213 997 4275 fseile
1013 4216 1223 4299 intelligemus,
1244 4242 1336 4301 quere
1411 4267 1415 4296 ,

192 4313 294 4375 urenti
317 4324 474 4396 preeoepta
498 4336 555 4375 uou
579 4325 648 4377 eote
670 4316 842 4397 obsoluerit.
1198 4327 1201 4333 '
