2842 4817
194 160 236 220 60
615 159 736 224 Philippi
755 159 889 222 Wagnrri

192 314 233 370 rit
255 313 306 370 dos
328 311 462 370 dlu‘lacnde
483 314 557 370 lucar
575 314 635 370 eod
656 315 702 369 die
729 316 845 387 rostpea
866 310 1004 386 aaupeal
1049 294 1181 373 euporo
1202 318 1335 387 praesta·

191 417 242 475 bet
263 418 385 498 iungere
408 414 502 476 flavas
524 417 620 476 crines
649 425 680 474 et
713 435 818 476 roseas
838 417 952 497 genas!
998 415 1049 472 'fn
1081 415 1335 485 reuocandi-

193 521 345 582 dissime
358 521 485 580 Antlro
495 543 513 579 n
523 522 550 591 i,
574 523 598 578 si
617 521 685 596 quid
697 520 804 579 novisti
816 521 927 578 rectius
939 519 1017 588 istis,
1040 517 1187 576 Candidus
1200 518 1333 596 imperti:

193 625 216 684 si
241 639 309 696 non,
331 626 375 684 his
399 635 483 684 utere
505 613 631 684 necnon!
1082 634 1083 637 ’

279 731 352 790 Aoo.
378 733 434 801 12,
450 732 522 790 648.
1123 783 1126 787 ,

411 837 516 892 Sancta
536 838 576 892 od
596 855 646 894 aas
668 840 765 894 asina
788 846 869 909 atquc
892 836 970 890 ιἰιίιιε
992 830 1085 889 inscia
1106 832 1221 902 culpae-

413 940 595 996 Descendsm.
1178 921 1180 923 A

191 1041 288 1094 nescia
309 1038 499 1122 Ladewigins
521 1051 552 1102 et
574 1043 731 1122 Hauptius‚
752 1040 830 1119 quod
852 1059 870 1097 e
890 1039 1009 1118 Mcoag.
1032 1057 1076 1116 pr.
1095 1044 1126 1094 et
1147 1035 1222 1094 edit:
1239 1035 1334 1112 princ.

192 1159 210 1196 a
231 1139 400 1202 Burmanna
428 1153 590 1204 enotatunr.
635 1145 774 1217 Heinsius
805 1142 892 1201 etiem
923 1141 1000 1221 apud
1020 1138 1150 1197 Macrob.
1170 1137 1205 1206 ¹3,
1229 1139 1258 1206 3,
1284 1136 1332 1194 nbi

192 1243 237 1300 lic
260 1264 362 1304 versus
384 1245 519 1318 affertur,
539 1253 636 1306 nacta
666 1248 729 1327 legi
756 1244 902 1316 affirmat3
932 1238 1013 1303 certo
1031 1243 1076 1312 ‚in
1099 1229 1249 1300 Zenniaaa
1273 1240 1333 1298 edi·

192 1347 282 1418 tione,
306 1369 390 1427 quae,
413 1352 478 1410 dum
502 1354 573 1412 haec
596 1353 702 1423 scribo,
725 1352 791 1410 sola
813 1351 850 1409 ad
864 1369 976 1409 manum
999 1356 1063 1417 est,
1085 1351 1179 1413 tracia
1198 1344 1334 1434 reperio,

191 1451 250 1508 scd
266 1454 379 1512 etiamsi
403 1461 499 1513 nescia
521 1457 673 1536 scripserit
688 1455 865 1522 Macrobius,
888 1474 979 1533 prope
1002 1451 1110 1510 nullius
1132 1451 1159 1508 id
1175 1449 1239 1508 sserit
1259 1470 1333 1527 pon·

191 1554 283 1625 deris,
305 1557 441 1634 quonian
464 1559 500 1618 ibi
525 1581 582 1619 oon
605 1561 641 1618 de
664 1561 720 1618 lroc
742 1559 807 1638 ipso
829 1558 992 1627 adiectae,
1021 1556 1072 1614 sed
1096 1556 1132 1612 de
1153 1555 1245 1633 primo
1267 1573 1334 1612 ver·

191 1676 242 1716 sus
264 1659 407 1720 vocabulo
430 1667 535 1722 Sancta
558 1665 669 1743 agitur.
714 1663 813 1722 Facile
835 1669 976 1740 apparet,
1010 1660 1057 1738 qui
1088 1659 1184 1734 urscia
1206 1657 1334 1739 scripse·

113 1815 115 1820 s
189 1770 277 1833 runt,
300 1770 393 1824 metro
416 1785 588 1827 succurrere
610 1767 752 1827 voluisse.
796 1767 999 1824 Licinianum
1021 1763 1059 1821 ad
1080 1750 1199 1842 Lucret.
1223 1766 1252 1833 ⁶2,
1277 1765 1332 1831 27,

156 1939 157 1942 Ἴ
189 1865 236 1929 ubi
259 1866 294 1924 de
318 1868 373 1946 lioc
387 1868 517 1948 binisque
536 1859 676 1930 similibus
691 1869 833 1948 exemplis
851 1869 926 1949 agit,
952 1867 1041 1938 ,‚alia,
1065 1867 1116 1936 ait,
1140 1886 1214 1945 quae
1236 1886 1333 1924 cnseo·

191 1970 338 2029 dationem
361 1974 513 2043 suadeant,
536 1982 711 2054 argumenta
726 1981 848 2053 praeter·
862 1970 1147 2031 metriinsolentiam
1171 1970 1252 2036 nulla
1272 1971 1332 2030 dici

192 2062 347 2152 possunt.⁵’
391 2078 448 2135 Sed
484 2097 567 2156 quam
602 2075 832 2138 emendationem
863 2077 925 2155 ipse
953 2076 1092 2154 proponit
1114 2075 1164 2138 Vir
1185 2075 1331 2154 egregius

191 2181 322 2248 „Sancta
337 2181 372 2238 ad
387 2200 439 2241 vos
459 2183 554 2240 anima
570 2189 659 2261 atque
681 2182 802 2240 anina
824 2181 910 2240 istius
918 2181 1015 2241 inscia
1037 2180 1171 2259 culpae,”
1194 2179 1335 2258 colungo

191 2282 329 2343 abhorret
352 2305 369 2343 a
393 2285 563 2365 Vergiliana
584 2287 745 2367 elegantia.
778 2286 860 2344 lllilri
891 2286 1004 2364 quidem
1028 2305 1085 2344 non
1109 2273 1225 2346 uidetur
1247 2283 1332 2342 vitio-

162 2458 164 2463 .
190 2405 240 2444 sus
263 2407 330 2446 esse
352 2388 398 2447 lric
425 2379 537 2461 versus,
560 2399 641 2450 certe
664 2412 722 2449 non
745 2389 1013 2469 proptereavquod
1036 2389 1147 2461 nullum
1169 2389 1195 2446 ei
1210 2386 1333 2451 similent

190 2489 368 2563 invenimus3
392 2494 466 2552 satis
489 2495 541 2552 illo
563 2495 647 2554 metri
671 2494 829 2566 insolentia
850 2493 1017 2552 defenditur
1038 2492 1148 2552 affectu
1171 2490 1333 2570 loquentis,
1400 2514 1405 2565 ι

190 2613 248 2672 quo
268 2595 335 2652 nihil
361 2577 461 2674 potest
483 2617 549 2656 csse
565 2599 696 2677 gravius,
721 2599 791 2658 nilril
820 2597 1068 2676 παθιιιιιιώιεριιν.
1112 2585 1158 2673 Ac
1183 2596 1334 2653 siveram
1403 2574 1404 2583 ἵ

191 2706 247 2770 est,
270 2701 299 2759 id
322 2702 398 2780 quod
422 2681 459 2760 alr¹
480 2703 610 2762 omnibus
633 2705 820 2774 conceditur,
854 2704 941 2762 etiarn
964 2704 991 2760 in
1015 2703 1113 2780 parvis
1135 2700 1220 2760 rebus
1254 2699 1334 2776 apud

190 2804 351 2884 Vergilium
366 2806 540 2884 deprehendi
564 2807 753 2868 imitationem
765 2808 902 2878 Homeri,
931 2808 1093 2886 paterinus
1115 2806 1171 2864 hac
1193 2802 1334 2863 conferre

190 2927 254 2966 cum
277 2909 328 2968 illo
346 2910 507 2970 Homerico
531 2914 600 2994 φίλε
620 2910 720 2992 ἓκιιρέι
751 2912 864 2971 frustra
897 2912 971 2969 enim
994 2929 1127 2990 oppones
1148 2905 1250 2986 ἑκυρός
1280 2908 1332 2967 ha·

163 3013 288 3073 luisse
309 2991 474 3093 ,digamrna3
498 3017 610 3075 numid
634 3015 858 3087 concurabant,
881 3015 930 3094 qui
953 3015 1028 3092 apud
1048 3010 1198 3072 Romanos
1223 3012 1329 3072 flaure-
1401 3052 1405 3116 ί

190 3137 251 3174 rum
275 3117 455 3176 lectitabant.
490 3120 640 3179 uernum
661 3130 736 3184 ,sunt
759 3122 829 3178 lrace
851 3119 893 3185 ita
917 3116 1142 3196 pronuntianda,
1165 3122 1198 3172 ut
1219 3114 1333 3193 aliquid

1397 1957 1405 1995 t

189 3242 299 3300 pausae
314 3206 485 3282 intercedat
508 3223 584 3283 iuter
605 3217 700 3282 auimo
724 3234 756 3305 et
777 3234 868 3298 utque.
912 3223 998 3284 (tried
1014 3229 1112 3280 autern
1127 3220 1335 3279 Laclrmaonus

189 3325 349 3405 Vergilium
372 3329 401 3395 3,
424 3328 486 3386 463
1161 3324 1163 3327 ’

158 3441 159 3444 ’
367 3432 452 3488 Dana
475 3434 575 3490 deliine
597 3451 669 3490 aare
690 3435 792 3506 procia
817 3451 836 3489 a
856 3437 982 3506 sectoque
1003 3432 1147 3502 elephanta
1180 3408 1197 3490 ‚¹
1403 3441 1405 3483 ι

189 3524 341 3610 scripsisse
364 3535 509 3611 opinatur,
534 3535 609 3594 lraud
631 3536 698 3594 scio.
716 3518 753 3593 an
776 3535 831 3594 lrac
847 3554 963 3613 quoque
985 3533 1110 3591 alienum
1132 3532 1172 3591 sit
1194 3551 1212 3590 a
1232 3532 1336 3593 nitore
1403 3486 1405 3625 Ι

189 3636 336 3723 Vergilii„
362 3639 556 3698 inveniuntur
571 3641 734 3718 apndlrunc
756 3658 836 3714 oque,
859 3658 936 3713 eque,
957 3643 1049 3712 inque,
1067 3655 1173 3711 perque
1196 3636 1239 3694 sic
1262 3655 1334 3696 con·

63 3760 66 3765 ·
188 3741 299 3812 iuncta,
322 3760 379 3802 nou
405 3743 546 3821 dirempta
570 3733 856 3824 interpositoaliquo
871 3744 1001 3813 nomines
1031 3761 1053 3804 a,
1067 3752 1198 3815 sectoque
1219 3741 1335 3820 pingue

190 3847 322 3927 quiddam
344 3849 451 3911 :habere
476 3850 600 3922 videtur,
624 3851 759 3931 quodque
780 3852 830 3911 vix
854 3851 928 3908 satis
951 3858 1053 3909 tueare
1076 3856 1247 3926 comparata
1273 3848 1330 3907 illo

188 3953 243 4010 Sol
261 3953 449 4026 pedibusque,
480 3955 556 4032 quod
584 3963 630 4013 est
653 3957 715 4014 llcl.
738 3959 777 4025 5,
800 3957 853 4025 57,
886 3955 934 4012 cui
965 3954 1118 4029 excusatio
1150 3961 1253 4031 parata
1284 3962 1336 4012 est

151 4114 154 4118 .
190 4067 312 4138 cum‘cx
339 4059 536 4119 concitatione
561 4081 760 4131 numerorum,
791 4063 851 4120 tuin
881 4081 919 4120 cx
938 4082 991 4132 eo,
1020 4061 1112 4140 quod,
1142 4060 1197 4118 nisi
1217 4058 1335 4131 fallor,

189 4163 299 4238 subque,
322 4163 364 4221 sic
387 4159 573 4236 coniunctim,
597 4186 654 4223 non
676 4166 815 4224 dixerunt
836 4165 951 4237 Latini,
990 4165 1121 4234 Accedit,
1144 4163 1222 4242 quod
1243 4162 1336 4224 breve

188 4287 206 4323 a
228 4267 323 4360 'otiam¹
338 4289 356 4326 a
375 4269 532 4340 'Ferentio
556 4289 638 4348 quem
662 4270 779 4329 laudavi
798 4270 825 4328 in
846 4270 957 4329 minore
978 4268 1118 4339 editione,
1140 4275 1244 4349 ante—s
1266 4289 1336 4346 pro·
