2842 4817
220 206 262 264 92
643 205 764 270 Philippi
782 205 919 269 Wagneri

304 358 337 415 ll.
361 359 392 416 8.
436 358 507 416 Οιιιιι
532 358 661 417 carmina
684 358 855 436 Vergiliana
886 360 1040 418 emendare
1063 377 1227 438 aggressus
1259 377 1368 427 esseni,

219 461 337 521 nultum
368 461 436 520 mibi
465 463 580 543 negotii
609 463 752 543 Ecloganr
784 471 918 523 octavam
945 460 1096 522 facessere
1120 463 1253 534 memini,
1282 462 1370 521 euius

218 585 283 624 cun
305 566 419 645 aliquot
441 568 580 645 strnpbar
603 569 667 646 pari
689 567 767 626 inter
788 587 822 626 se
844 587 966 627 ounero
989 587 1056 626 ease
1079 568 1231 637 vidissem,
1253 568 1302 626 dio
1327 567 1370 626 la·

218 671 373 742 borabam,
396 678 429 731 ut
452 680 545 730 totum
570 691 686 732 carmen
710 691 730 730 a
751 693 795 733 rs.
822 675 859 730 17
883 692 976 751 nsque
998 674 1036 731 ad
1056 671 1142 731 linem
1166 673 1203 731 ed
1226 673 1311 752 leges
1337 672 1367 730 in

217 775 430 855 antistropbico
453 796 564 856 genere
592 778 756 836 aGraecir
785 778 958 838 observatas
989 778 1152 858 exigerem.
1197 777 1367 856 lleprebcn·

218 880 311 938 dimus
333 880 518 960 stropharum
545 881 627 961 pario
650 882 683 938 ll.
708 885 738 952 3,
762 883 913 940 tto—¹⁰7
938 890 968 941 et
992 888 1021 953 7,
1039 883 1178 940 21-68.
1222 881 1368 939 Memora-

217 985 274 1043 bile
296 992 361 1056 est,
399 986 476 1065 quod
511 986 539 1044 in
570 993 696 1064 utroque
730 987 786 1045 boc
817 994 970 1065 poemate,
1004 988 1035 1058 3,
1058 988 1098 1045 ou
1132 992 1163 1044 et
1196 989 1227 1056 7,
1260 988 1297 1044 18
1321 1006 1369 1065 sq.

218 1098 307 1170 poeta
330 1090 457 1150 lectores
480 1091 680 1150 admonendos
702 1092 818 1170 putarit
854 1092 926 1152 baec
956 1093 1085 1151 carmina
1114 1110 1181 1150 esse
1209 1111 1227 1150 e
1253 1110 1369 1171 genere

218 1194 385 1254 omoebaeo.
435 1195 573 1254 Nimirum
603 1203 722 1256 veteres
755 1196 879 1256 Romani
911 1205 1018 1275 poetae
1050 1196 1137 1255 nnllis
1170 1195 1217 1254 usi
1245 1194 1370 1253 fuerant

188 1333 190 1338 ·
217 1299 375 1378 stropbicis
397 1300 570 1359 omninibus
594 1301 665 1380 (nisi
687 1298 769 1360 forte
791 1301 820 1360 ia
843 1321 877 1360 re
898 1300 1021 1377 sacra),
1055 1301 1154 1380 qualia
1182 1300 1369 1358 recentiores

219 1403 349 1474 demum,
372 1403 505 1463 Graecos
527 1404 648 1476 imitati,
671 1404 771 1465 lacere
794 1406 995 1465 instituerunt.
1048 1405 1137 1464 Nulla
1165 1404 1231 1462 linio
1261 1404 1369 1463 similis

219 1507 379 1566 admonitio
402 1507 485 1566 facta
507 1516 554 1566 est
577 1509 639 1568 uel.
663 1511 681 1568 a
702 1518 733 1568 et
754 1513 793 1581 8,
815 1529 988 1590 quamquam
1011 1529 1086 1589 quae
1109 1508 1162 1570 eibi
1184 1510 1370 1588 respondent

220 1619 319 1692 partes
343 1613 376 1672 u.
400 1614 431 1684 5,
455 1615 582 1672 20-44
606 1619 637 1672 et
659 1615 800 1685 ott-80,
827 1633 926 1674 earum
956 1622 1109 1693 utromque
1135 1613 1244 1673 vicenis
1267 1614 1368 1693 quinis

217 1715 367 1787 versibus,
400 1734 470 1775 casu
508 1715 639 1777 fortasse
676 1718 772 1798 inagis
808 1737 892 1797 quem
928 1719 1071 1789 consilio,
1107 1717 1277 1797 complexus
1319 1727 1368 1778 cst

217 1829 324 1901 poeta,
348 1821 463 1901 llclnga
485 1824 504 1880 8
530 1829 625 1881 autern
649 1822 764 1900 aliquot
785 1824 924 1902 stropbne
947 1824 1034 1883 babet
1056 1822 1136 1902 paris
1158 1822 1366 1902 longitudinis.

217 1927 256 1986 ut
277 1924 367 1985 facile
389 1926 558 1985 crediderim
581 1927 610 1985 id
633 1927 782 1986 studuisse
806 1927 977 2008 Vergilium,
999 1936 1033 1986 ut
1054 1925 1119 1986 fere
1140 1927 1218 1986 inter
1239 1947 1273 1985 se
1294 1946 1366 1988 coo·

217 2030 331 2092 veniret
355 2051 490 2090 numeros
512 2050 648 2092 versuum
671 2032 699 2091 in
723 2032 854 2112 stropbis
878 2032 932 2092 sibi
955 2033 1054 2111 aliquo
1078 2031 1163 2090 medo
1186 2033 1366 2110 responden·

219 2136 306 2207 tibur,
328 2136 390 2206 sed,
413 2136 482 2215 quia
504 2137 654 2196 Romanor
677 2157 735 2196 noo
759 2137 880 2196 multam
904 2137 970 2196 buis
991 2135 1172 2197 artificiosae
1187 2136 1297 2195 rationi
1314 2137 1365 2195 tri·

218 2242 305 2300 buere
327 2239 484 2312 iudicaret,
507 2261 564 2300 non
588 2241 672 2300 niinis
699 2241 788 2301 anxie
817 2242 968 2321 quaesisse
997 2241 1085 2301 talem
1114 2241 1366 2321 aequabilitatem,
1407 2258 1408 2261 ’

218 2346 409 2425 similiterque
431 2346 460 2404 in
482 2366 518 2406 ea
540 2365 573 2404 re
595 2353 743 2408 versutum
767 2365 851 2417 csse,
884 2355 974 2426 etque
1004 2345 1033 2406 in
1063 2365 1188 2407 caesura
1219 2345 1366 2421 bucolica,

218 2471 303 2533 quam
327 2451 383 2510 etsi
413 2450 449 2510 ab
472 2471 507 2510 eo
539 2471 597 2510 non
628 2451 796 2531 ignoratam
824 2471 891 2510 csse
918 2451 984 2530 ipsa
1009 2471 1058 2510 res
1085 2451 1231 2530 loquitor,
1265 2459 1366 2511 tamen

218 2555 349 2637 plurimis
372 2554 446 2614 locis
469 2555 625 2636 negligere
648 2547 711 2613 eam
735 2575 792 2614 non
817 2555 978 2627 dubitavit,
1008 2555 1083 2614 baud
1104 2556 1235 2626 veritus,
1259 2575 1296 2614 ne
1319 2578 1366 2616 re·

217 2660 446 2741 prehenderetur
474 2667 632 2738 propterea
654 2678 672 2718 a
695 2659 885 2739 popularibus
913 2660 984 2718 sois.
1036 2661 1139 2741 ltaque
1166 2678 1230 2718 cum
1253 2659 1365 2722 nullam

218 2765 393 2846 probabilem
412 2765 510 2836 viam,
543 2784 601 2843 qua
630 2763 799 2824 desiderata
830 2764 882 2823 illa
910 2765 1096 2844 stropharum
1125 2766 1295 2824 accuratior
1321 2787 1366 2826 re·

128 2867 131 2872 ’
217 2870 338 2949 sponsio
361 2868 423 2928 llcl.
446 2872 466 2928 8
490 2869 693 2939 inveniretur„
719 2868 785 2926 iniri
817 2888 906 2948 posse
933 2868 1000 2927 mibi
1031 2869 1257 2947 persuasissem,
1282 2871 1366 2931 nolui

216 2976 325 3036 diutius
352 2975 380 3033 in
404 2994 440 3034 ca
469 2973 635 3053 quaerenda
665 2975 762 3035 oleum
793 2982 824 3034 et
853 2993 970 3052 operam
1005 2974 1137 3052 perdere.
1194 2973 1253 3034 Sed
1285 2977 1367 3055 quod

217 3101 276 3161 ego
311 3080 547 3159 desperaveram,
586 3079 614 3136 id
644 3077 780 3138 effectum
814 3077 894 3136 dedit
925 3076 1130 3136 Godofrcdi
1161 3078 1366 3138 Hermanni

217 3185 369 3268 sagacitas
392 3183 428 3243 ad
460 3183 545 3242 Bion.
570 3182 665 3242 Curm.
690 3183 711 3241 l.
736 3204 763 3261 p.
788 3183 828 3240 46
852 3201 916 3261 sqq.
975 3182 1115 3241 Continet
1145 3182 1218 3242 baec
1244 3183 1366 3263 llologa

217 3293 273 3350 duo
297 3289 426 3348 carmina
448 3287 503 3346 sibi
525 3287 755 3368 respondentia,
779 3305 876 3356 unum,
900 3285 978 3365 quod
1001 3305 1103 3346 versus
1129 3287 1265 3356 17-61,
1290 3287 1365 3346 alte·

217 3414 290 3466 rum,
314 3393 391 3472 quod
412 3412 473 3452 vsa.
498 3394 648 3452 uti-109
672 3390 909 3470 comprehendit,
934 3391 1145 3461 boenereuum
1169 3393 1210 3450 46
1232 3409 1297 3449 cum
1326 3393 1366 3450 iu

218 3498 349 3559 versibus
380 3495 621 3566 intercalaribus,
661 3494 733 3552 illud
767 3513 902 3554 versuum
932 3497 972 3552 45
996 3512 1060 3551 cum
1084 3498 1103 3551 e
1131 3493 1366 3553 intercalaribus.

217 3601 370 3662 steincile
394 3600 553 3680 largiemur
566 3599 635 3659 Viro
655 3599 906 3659 excellentissimo
929 3617 1043 3659 versum
1067 3597 1269 3658 intercalarem
1295 3610 1367 3679 post

218 3728 261 3769 vs.
286 3708 326 3766 28
350 3705 524 3764 intercidere
545 3703 694 3784 potuisse3
730 3724 796 3762 nam
824 3703 901 3784 quod
924 3712 1079 3783 praeterea
1108 3702 1209 3762 scribit
1229 3700 1367 3764 fortasse

217 3809 328 3872 factum
351 3829 438 3879 esse,
461 3815 494 3866 ut
517 3809 658 3868 eiusmodi
682 3828 796 3870 versum
820 3810 917 3868 aliena
939 3827 1040 3868 manus
1063 3818 1133 3887 post
1156 3827 1198 3866 vs.
1221 3809 1261 3866 ta
1284 3811 1365 3869 addi-

217 3916 307 3985 derit,
331 3913 358 3972 id
374 3913 465 3972 minus
489 3913 646 3973 verisimile
667 3913 809 3972 duxerim.
854 3915 905 3972 Sic
928 3924 1071 3992 aequatur
1089 3930 1234 3982 versuum,
1254 3914 1365 3991 quiest

218 4020 394 4097 inutraque
416 4017 553 4088 carmine,
576 4036 733 4088 numerus,
763 4026 927 4096 aequantur
958 4017 1045 4076 etiam
1076 4023 1216 4095 septenae
1248 4015 1365 4094 priores

217 4122 366 4202 stropbae.
412 4124 581 4202 Sequuntur
611 4130 713 4182 ternae
745 4123 866 4181 ultimae
899 4123 959 4202 legi
992 4121 1034 4179 illi
1056 4118 1264 4199 refragantes,
1296 4141 1363 4180 nam

218 4227 323 4308 prioris
346 4227 481 4286 carminis
504 4226 627 4304 stroplia
649 4235 755 4287 octava
779 4226 937 4306 (lt-50)
961 4232 1102 4305 quattuor
1130 4225 1217 4284 babet
1246 4244 1362 4296 uersus,

219 4350 296 4390 nona
319 4330 476 4408 (ou-uo)
500 4331 643 4409 quinque,
666 4331 777 4390 decima
800 4331 957 4410 (os-60)
989 4339 1071 4400 tres,
1100 4337 1206 4388 contra
1237 4329 1362 4389 alterius
