2842 4817
195 158 243 221 28
635 157 757 228 Philippi
772 156 910 225 Wagneri

193 330 275 371 suum
299 312 515 372 numericorum
532 312 716 372 multitudiue
731 312 957 393 comperereris,
970 310 1123 373 mnodum
1141 331 1250 392 pones3
1272 311 1340 372 dedi

194 425 290 477 eutem
314 436 432 497 operum
455 418 575 489 sedulo,
599 436 635 478 ue
656 418 735 497 quod
756 437 776 478 s
798 438 843 478 me
865 417 1157 499 praetermitteretur.

282 522 425 581 interdum
450 522 562 601 plenius
578 522 760 601 interpunxit
775 520 903 581 Woifius
918 541 983 581 eum
998 522 1077 594 eiibi,
1100 531 1159 582 tum
1174 521 1222 581 ubi
1237 535 1342 601 operte

194 626 336 687 Homerus
358 634 427 687 unte
448 624 599 707 significet
620 626 657 686 ed
680 627 740 686 uiis
762 647 796 687 se
817 628 1018 687 tronsitururr.
1063 626 1118 686 Ubi
1140 626 1183 686 its
1200 627 1283 706 quusi
1308 645 1341 685 se

192 730 337 810 proclinet
360 730 457 790 orotio
479 731 517 791 ud
539 730 704 810 sequentia,
736 730 764 791 id
787 732 880 810 ipsum
902 730 997 790 lenius
1019 730 1252 810 interpungeudo
1275 737 1342 789 eret

193 834 387 906 indicendum
413 852 505 913 neque
528 834 603 893 enirn
626 834 738 914 potitur
760 854 796 894 eo
818 834 995 915 proclinatio
1009 854 1111 896 vocem
1133 833 1252 893 muitum
1275 831 1340 890 sub·

192 939 266 998 mitti
289 946 341 998 eut
368 938 528 999 subsistere
556 946 626 999 cute
657 940 931 1019 interpunctionem.
981 941 1149 1020 Propousm
1174 939 1341 1020 insigniore

192 1043 331 1123 queedurn
354 1043 489 1123 exemplu
510 1044 595 1103 huius
615 1043 668 1103 rei.
713 1043 747 1104 ΙΙ.
772 1048 800 1115 1,
822 1048 884 1104 428
906 1064 971 1127 sqq.
1001 1045 1073 1105 boec
1094 1045 1251 1127 leguntur:

226 1146 291 1216 Ὧι·
313 1140 386 1224 ἄρα
409 1144 592 1225 φωνήσασ’
620 1146 759 1229 (Thetis)
782 1142 1024 1228 σίκιβήσαιο,
1048 1142 1135 1209 sdrd’
1153 1140 1338 1211 ἕλικ’·ιιίιισῦ

231 1246 380 1330 χωόμενον
403 1242 481 1312 narsi
504 1247 601 1327 θυμὸν
624 1249 764 1324 ἐϋζώνοιο
786 1247 935 1331 γυναικὸς,

234 1352 286 1435 σήν
309 1358 349 1437 ῥα
371 1349 419 1435 βίῃ
440 1351 582 1423 ἀέκοντος
602 1351 771 1442 ἀπηύρων.ή
787 1390 827 1403 -
848 1352 981 1437 Αιλισὶρ
1000 1348 1198 1422 Ὀθιισσιιλι

234 1459 265 1530 ίι
287 1456 411 1540 Χριίσην
434 1452 531 1521 ίκανιν
554 1470 606 1519 cet.
892 1539 895 1546 Ι

190 1566 430 1637 omnisomnis,
453 1565 531 1645 qued
554 1563 682 1625 Woifius
706 1564 806 1645 posuit
829 1571 898 1645 post
921 1558 1034 1641 θυμόν,
1062 1570 1216 1643 praetereo
1237 1562 1338 1632 colon,

190 1673 268 1753 quod
291 1681 338 1732 est
360 1680 429 1751 post
449 1665 632 1749 ιίιιιβήσιιισ,
655 1688 720 1729 cunr
741 1676 885 1732 commoto
907 1667 1091 1731 commutavi.
1136 1655 1199 1729 Sed
1215 1688 1260 1728 rs.
1274 1669 1338 1727 430

190 1796 306 1859 quoque
329 1776 466 1836 nutoude
487 1783 534 1835 est
555 1775 769 1854 interpunctiu;
802 1773 959 1854 respicitur
980 1774 1055 1835 euius
1078 1794 1136 1833 nou
1159 1773 1195 1833 ud
1219 1789 1337 1844 nusum,

188 1884 240 1942 sed
262 1882 298 1941 od
319 1890 388 1942 unte
410 1881 466 1941 ium
489 1887 694 1961 proeporotum
724 1879 890 1959 negotium,
921 1879 999 1959 quod
1027 1878 1200 1960 exsequitur
1222 1878 1337 1939 Ulixes.
1397 1921 1401 1938 ,

188 1987 272 2047 Mens
295 1993 400 2066 poetoe
423 1985 495 2044 hoec
516 1992 575 2045 ost:
621 1984 722 2055 „floec
744 1982 838 2064 igitur
858 1982 902 2042 sic
923 1984 1002 2043 dieto
1024 1992 1150 2064 actuque
1171 1992 1251 2057 suot,
1277 1984 1335 2043 Uli·

188 2110 243 2151 xes
265 2097 362 2150 sutem
384 2087 473 2160 fecit,
493 2106 568 2168 quoe
591 2088 617 2147 ei
640 2088 782 2166 imperato
804 2086 903 2146 sunt.’'
931 2087 1040 2147 Similis
1063 2087 1202 2169 quaedam
1224 2088 1335 2149 cretiu-

186 2195 232 2257 uis
254 2192 450 2255 conformatio
474 2190 699 2272 deprehenditur
721 2192 822 2251 eodem
844 2192 918 2251 iibro
940 2212 985 2252 rs.
1008 2194 1069 2251 345
1093 2212 1175 2274 sqq:

223 2292 286 2367 Ὧι·
306 2292 420 2377 φοίτα·
444 2292 626 2376 Πάτροκλος
648 2290 680 2355 di
704 2294 783 2373 φίλῳ
805 2291 975 2357 ἐπιπείθεθ’
1001 2291 1125 2373 ίιαίριρ·

230 2400 263 2467 ίκ
286 2398 309 2463 d'
335 2396 428 2483 ἄγαγε
451 2400 565 2478 κλισίης
587 2401 736 2478 Βρισηΐθα
759 2396 975 2479 καλλιπάρῃον,

230 2507 308 2568 δῶκε
331 2502 354 2566 θ’
380 2498 471 2584 dynam
493 2501 534 2565 soi
558 2502 581 2565 δ’
609 2495 694 2573 missu
717 2498 778 2583 ίιήν
799 2500 884 2583 ιισιρσὶ
906 2504 979 2581 νῆας
999 2500 1151 2583 Ἀχαιῶν·

230 2606 246 2691 ἡ
270 2606 294 2671 δ’
320 2605 436 2673 ἅέκουσ
462 2602 526 2687 ἅμα
550 2613 626 2668 τοῖσι
644 2604 713 2687 γυνή
738 2605 808 2669 κίεν.
833 2643 872 2654 -
893 2603 1030 2687 ,Αὐτὰρ
1051 2603 1257 2688 'Apelleis'

229 2712 383 2793 δακρύσας
405 2710 520 2794 ίισίροιν
541 2708 626 2790 ἄφαρ
650 2709 729 2785 ίζιισ
752 2722 804 2772 eet.

185 2820 415 2902 Repraeseutovi
437 2820 483 2878 iric
505 2816 671 2878 Wolfiouus
694 2817 945 2898 interpunctiones
963 2816 1067 2875 iterum
1086 2816 1158 2876 bene
1173 2818 1333 2879 cohoeren-

186 2929 228 2987 tiu
249 2925 454 2986 dissolventes.
499 2922 559 2983 Nec
581 2931 661 2983 reete
684 2931 819 3005 punctum
843 2922 962 3003 ponitur
984 2921 1056 2980 libro
1081 2926 1110 2994 2,
1133 2926 1194 2985 842

221 3026 284 3099 Ὣι·
306 3024 383 3107 ἄρα
407 3023 586 3105 φωνήσας
607 3018 752 3109 βουλῆς
776 3024 814 3101 ἐξ
834 3018 924 3108 ἦρχε
948 3032 1112 3088 νέεσθαι.

228 3130 265 3195 σί
288 3128 311 3193 θ’
339 3127 548 3209 ι’πακσίστήσαν
572 3174 580 3192 .
606 3166 613 3189 .-
638 3174 645 3190 .
670 3132 849 3211 σκηπτοῦχοι
869 3132 1029 3213 βασιλήια,
1051 3141 1101 3191 cet.

184 3240 293 3300 Eodem
315 3238 388 3298 libro
411 3235 545 3296 similiter
567 3242 683 3309 erretur
706 3256 750 3297 vs.
777 3239 852 3297 149:

231 3348 290 3407 147
314 3337 356 3411 oie
374 3338 398 3402 θ’
426 3336 476 3403 ὅτι
497 3336 606 3420 κινήσει
628 3341 766 3421 Ζίφιιρσι·
788 3338 871 3425 βαθὺ
894 3337 979 3421 λήϊον
1002 3384 1010 3401 .
1035 3385 1044 3402 .
1070 3385 1078 3404 .

232 3450 291 3509 149
315 3441 356 3515 ὣς
379 3445 437 3505 τῶν
460 3440 529 3505 noio’
555 3439 649 3524 ἀγορή
673 3440 862 3531 κινήθη.Ιισί
885 3441 909 3507 δ’
935 3442 1077 3523 ἀλαλητῷ

314 3550 387 3627 κήαι·
408 3544 602 3610 ίαισσιιίονιο
626 3559 678 3609 cet.

183 3656 259 3714 Post
282 3649 387 3732 κινήθη
409 3654 454 3715 vel
478 3654 565 3713 coion
588 3654 634 3716 vei
657 3672 769 3712 comme
791 3653 963 3733 ponendum.
1008 3651 1162 3713 Sententia
1176 3651 1248 3710 hoec
1265 3661 1328 3709 ests

183 3758 270 3817 talem
293 3756 321 3816 io
346 3757 459 3817 modum
481 3758 617 3818 commoti
641 3758 731 3817 multo
761 3776 826 3817 cum
852 3757 980 3817 cieusore
1001 3757 1124 3817 ructent
1145 3755 1182 3815 ud
1203 3774 1304 3815 nosen·

268 4154 313 4213 Ex
335 4154 455 4234 Hymuis
478 4157 637 4220 Homericis
659 4161 695 4221 od
727 4159 818 4241 ipsius
846 4162 963 4222 Homeri
995 4162 1023 4221 iu
1046 4161 1101 4219 Ιισσ
1124 4176 1234 4239 genere
1255 4176 1326 4217 cou-
1405 4213 1409 4218 .

180 4256 361 4322 ericwdinen
383 4259 502 4344 propius
524 4264 665 4327 ucoedunt
686 4267 796 4350 primus
817 4274 848 4329 et
862 4266 1017 4338 secundus,
1040 4263 1157 4324 tertium
1176 4270 1325 4344 quartum·
