2842 4817
195 157 238 221 12
631 156 751 225 Pbiiippi
770 158 906 225 Wsperi

280 311 351 370 den.
375 314 413 382 2,
437 314 510 373 497.
562 314 631 370 Erit
662 316 855 387 oppositasque
887 311 1080 392 hadewigius
1108 331 1146 371 ex
1181 318 1344 390 praecepto

193 414 385 486 helimanni,
408 416 478 475 itenr
501 418 655 497 flauptius.
701 417 804 488 Nosti,
835 417 997 477 Anthoni
1020 416 1259 485 doctissime,
1296 436 1344 473 no·

192 518 276 579 bitom
298 520 524 600 disputationem
548 522 599 600 (ad
621 521 741 581 Lucrct.
768 525 798 593 3,
824 521 923 601 ¹042)
946 542 1003 605 qua
1026 522 1113 581 docet
1136 522 1345 581 heumannus

192 622 353 704 perfeetum
376 628 412 684 iit
430 644 494 683 cunr
519 627 581 685 suis
604 627 787 707 compositis,
810 628 878 687 iton
892 632 991 703 petiit,
1013 636 1172 687 extreman
1195 625 1344 703 syllabast

192 737 298 787 natura
320 728 440 810 longam
463 729 569 789 labero
592 750 645 790 noo
668 751 731 790 cunr
754 750 773 789 a
792 750 939 811 ,quoquam
956 741 1057 794 sotere
1072 739 1344 813 pontecorreptan

191 854 268 893 csse.
321 834 358 892 Et
386 853 485 895 varum
516 834 614 893 estin
637 834 860 896 tabuiarotira
889 837 1018 897 Musunii
1047 844 1168 896 exstare
1198 838 1346 893 radicis

190 940 417 1013 triumphasset
440 939 592 1019 quinquies
615 943 758 997 occisit
786 940 814 998 in
836 940 905 1022 lege
927 941 1058 1013 Thoria,
1091 958 1147 999 nce
1173 938 1244 998 iicet
1268 940 1345 997 traco

192 1062 244 1122 pro
276 1042 480 1121 praesentibus
515 1043 617 1123 accipi.
671 1043 730 1103 Sed
761 1044 835 1104 veiis
857 1046 1000 1105 rationem
1031 1045 1095 1105 cios
1119 1043 1161 1103 rei
1184 1062 1202 1103 a
1224 1061 1343 1101 summo

190 1146 254 1208 viro
276 1146 464 1227 explicaturi.
501 1147 579 1208 Noto
601 1153 648 1207 cst
670 1148 822 1208 vorborum
846 1148 921 1210 ἰέναι
942 1158 973 1210 ct
996 1155 1041 1210 ire
1054 1148 1207 1230 cognatio.
1239 1148 1344 1207 Radix

191 1252 269 1314 verbi
292 1252 366 1313 ἰέναι
388 1260 510 1332 putatur
530 1270 598 1313 aare
619 1251 676 1324 19,
702 1255 754 1313 sed
777 1262 933 1333 practerea
954 1256 1078 1315 aiteram
1092 1254 1218 1314 rodicoor
1241 1250 1343 1315 fuisse

189 1357 264 1419 ΙΕΩ
287 1358 361 1419 satis
384 1366 415 1417 et
437 1358 465 1418 it
489 1358 581 1438 ipsun
603 1356 678 1418 ἰέναι
701 1359 807 1438 probat
829 1367 860 1419 et
883 1380 1024 1440 praesens
1051 1360 1138 1421 nonii
1158 1360 1254 1437 ἵεμαι.
1286 1359 1343 1417 Ea·

190 1462 252 1521 doro
276 1463 359 1523 radix
382 1462 408 1523 si
430 1461 488 1523 fuit
509 1462 590 1523 verbi
611 1466 676 1535 irc,
705 1462 869 1543 perfectura
898 1464 966 1525 inde
995 1462 1031 1523 fit
1053 1462 1128 1535 ieci,
1160 1462 1239 1543 quod
1261 1463 1343 1542 opud

190 1566 327 1649 antiquos
350 1564 378 1629 ia
401 1584 456 1627 usu
479 1564 573 1627 fuisse
596 1566 720 1640 indicat,
748 1567 828 1647 quod
856 1568 885 1627 in
908 1567 1175 1628 Senatusconsuito
1204 1567 1243 1626 de
1265 1567 1341 1627 Bac·

189 1669 358 1731 chanaiibus
381 1668 510 1751 legitur,
538 1674 650 1741 odisse,
681 1672 804 1741 edicant,
834 1674 980 1743 odissent,
1011 1672 1031 1733 i.
1054 1692 1080 1731 c.
1104 1672 1268 1744 adiecisse,
1290 1672 1341 1729 ad·

189 1774 324 1847 iecisset,
356 1774 551 1849 ndieviesant3
584 1773 701 1835 fallitur
733 1775 807 1834 eninr
831 1775 942 1836 Conr.
970 1776 1005 1836 ¹1·
1028 1775 1264 1845 Schneider,
1288 1774 1342 1853 qui

189 1879 349 1940 Grammat.
372 1879 441 1939 Lat.
464 1898 534 1961 pag.
558 1882 597 1939 97
633 1879 782 1941 vocatibus
812 1884 840 1939 ic
866 1881 986 1963 longara
1013 1885 1025 1940 i
1046 1877 1209 1962 significari
1231 1858 1343 1959 putat}

189 1984 272 2043 cuius
295 1986 336 2044 rei
361 2003 414 2045 nec
435 1985 513 2044 ratio
537 1991 584 2043 cst
607 1985 683 2064 apud
706 1993 834 2058 veteres,
859 2006 912 2045 nec
934 1994 1090 2068 praetcrea
1106 1983 1270 2064 exempturo
1286 1985 1339 2041 ex·

189 2098 270 2149 stare
293 2090 429 2149 arbitror.
475 2090 577 2171 ltaque
601 2090 689 2151 tertio
713 2111 840 2170 persono
862 2090 988 2171 perfecti
1010 2089 1068 2149 fuit
1089 2092 1213 2159 adurit,
1243 2092 1339 2147 redte·

189 2199 241 2265 cit,
264 2196 391 2267 omento,
413 2193 489 2252 unde
512 2194 623 2253 extrita
645 2213 661 2252 o
684 2194 772 2254 litera
793 2193 905 2255 factum
927 2197 1038 2269 redirit,
1061 2197 1172 2251 cecicit.
1217 2192 1339 2251 Tamen

188 2320 223 2359 ea
245 2319 294 2359 res
321 2318 378 2357 noo
401 2298 517 2360 videtur
539 2319 576 2358 ex
600 2299 677 2358 ononi
700 2307 786 2380 parte
809 2300 1030 2370 demonstrare,
1052 2298 1130 2379 quod
1153 2298 1338 2357 demonstra·

189 2413 248 2463 turn
271 2403 294 2462 it
316 2403 536 2476 Lachmannus3
564 2423 629 2462 nour
652 2403 807 2483 antiquato
836 2404 932 2483 prisca
955 2403 1006 2461 iiis
1028 2401 1124 2462 forma
1145 2406 1201 2461 ieci
1222 2401 1338 2461 facturn

187 2515 234 2567 cst
255 2509 294 2565 ici
316 2528 341 2565 s.
364 2510 403 2581 ἑᾶς
426 2516 458 2565 ut
481 2514 578 2567 auteur
600 2526 639 2565 ex
660 2510 756 2565 nonni
778 2507 886 2587 (audii)
911 2505 1075 2587 profectum
1093 2515 1139 2567 est
1154 2498 1249 2565 audiit
1270 2527 1336 2565 cor·

186 2618 272 2691 repta
293 2611 396 2670 ultima
419 2612 468 2693 (Α.
492 2616 522 2683 7,
545 2614 608 2675 516
632 2612 754 2687 „Audiit
776 2620 806 2671 ot
829 2613 954 2673 Triviae
976 2612 1067 2693 longe
1090 2612 1187 2683 iscus,
1210 2612 1336 2671 audiit

169 2710 278 2775 ‘amnis
301 2717 332 2774 S.
349 2715 384 2775 N.
404 2735 431 2775 u.
447 2717 511 2796 a.'’)
537 2719 580 2777 ito
603 2719 682 2778 nullo
705 2737 796 2779 causa
818 2725 876 2790 cst,
898 2737 989 2798 quare
1010 2721 1046 2775 iit
1066 2715 1260 2796 produxerint
1275 2715 1336 2774 Ro·

187 2819 272 2880 muni.
317 2822 356 2879 ut
378 2822 496 2882 tertiam
516 2826 683 2903 proesentis
707 2841 864 2903 personam
893 2841 957 2880 curn
990 2825 1041 2879 icit
1067 2821 1209 2901 principio
1237 2819 1336 2879 fuisse

186 2934 416 2985 cousentaneum
438 2928 486 2998 sit,
509 2936 629 2988 constat
647 2936 715 3009 post
736 2926 871 3006 similiter
893 2924 989 2984 obisse
1013 2926 1042 2983 in
1056 2926 1171 2987 brevem
1188 2924 1334 3001 syllabam

184 3023 220 3089 it.
266 3030 343 3088 idem
365 3028 477 3090 facturn
499 3030 528 3090 io
551 3034 605 3103 iti,
627 3032 685 3101 odi,
706 3034 771 3101 nisi,
794 3030 865 3101 ridi,
889 3049 964 3110 quaa
986 3030 1014 3088 in
1038 3028 1247 3109 antiquissimis
1270 3051 1333 3089 rno-

187 3135 330 3193 numcntis
353 3134 520 3194 scribuntur
541 3137 605 3210 idei,
627 3140 701 3209 otei,
716 3140 796 3211 nicei,
811 3140 890 3208 sidet,
905 3144 974 3218 post
990 3136 1083 3217 vulgo
1100 3134 1207 3213 corripi
1222 3140 1333 3214 coepto

185 3248 263 3297 sunt.
308 3238 367 3297 Sed
391 3246 482 3321 negot
504 3241 707 3302 Lachmannus
730 3242 820 3301 ulium
845 3251 961 3321 poctnrn
985 3242 1068 3311 hanc,
1092 3239 1127 3298 de
1147 3238 1332 3319 quaagitur‚

185 3342 326 3420 syllabam
350 3344 545 3423 corripuisse,
568 3354 620 3405 aut
640 3347 732 3407 sicubi
754 3355 892 3426 correpta
914 3346 1092 3415 inveniatur,
1122 3341 1239 3403 facilem
1261 3365 1332 3405 esse

185 3447 425 3507 emendationem.
459 3449 534 3515 aoid
559 3458 666 3525 antem,
691 3452 716 3511 si
739 3459 844 3510 contra
866 3448 1148 3530 negabimusuilum
1164 3450 1332 3529 exemplum

185 3571 222 3610 ex
245 3551 306 3610 uilo
330 3560 419 3630 poeta
441 3553 476 3612 ab
500 3572 535 3614 eo
558 3554 680 3615 aliatum
703 3575 780 3625 ase,
804 3573 861 3634 quo
885 3554 1038 3614 evincatur
1059 3553 1179 3612 condem
1191 3573 1257 3613 esse
1271 3573 1330 3615 sua

184 3655 213 3717 vi
235 3656 375 3737 languori
420 3657 457 3715 ut
480 3657 529 3740 qui
552 3660 579 3718 id
602 3658 695 3720 evinci
719 3678 807 3738 posse
836 3657 1007 3727 existimes,
1037 3656 1217 3729 riuturni,
1248 3662 1329 3738 quod

185 3768 266 3822 corte
289 3760 318 3820 in
342 3761 436 3825 verbis
452 3763 538 3822 trium
551 3763 678 3825 brorium
695 3762 873 3839 syliabarum
884 3762 977 3822 evinci
993 3782 1051 3821 non
1066 3763 1182 3839 potcstd
1205 3762 1328 3841 (omitto

184 3866 259 3924 enim
282 3885 358 3925 nunc
386 3854 501 3925 verbum
532 3866 655 3947 simplex
686 3870 737 3940 iit,
766 3868 850 3926 cuius
878 3885 949 3925 usus
978 3874 1024 3925 est
1052 3867 1126 3925 satis
1155 3865 1328 3947 infrequens

184 3971 260 4049 apud
284 3966 470 4055 scriptores.)
514 3971 553 4029 At
575 3978 686 4050 potest,
708 3972 803 4051 inquit
824 3971 1043 4043 lachmaunus3
1067 3990 1132 4029 naso
1155 3971 1327 4049 producitur

184 4093 220 4133 ea
242 4074 356 4152 syllaba
377 4075 464 4134 etiam
487 4076 515 4134 in
539 4075 680 4134 eiusmodi
703 4076 775 4144 arsi,
797 4093 855 4155 qua
876 4074 972 4135 brevis
995 4073 1109 4150 syllaba
1124 4075 1243 4153 produci
1267 4096 1324 4136 non

182 4178 270 4241 solet.
316 4180 387 4265 ugit
408 4182 444 4240 de
466 4200 501 4242 ea
523 4200 556 4243 re
578 4180 783 4242 {ruodmannus
804 4181 832 4241 io
855 4179 1014 4261 scriptione
1035 4180 1217 4252 academica,
1239 4200 1325 4261 quarn
1394 4204 1399 4237 r
