2842 4817
485 179 630 228 tecuam·
647 177 833 242 vergilium.
1191 177 1233 239 93

13 353 14 380 2
77 331 211 408 stropha
233 340 339 393 octova
362 331 520 412 (tls-tte)
543 332 688 411 quinque,
724 351 802 390 aona
835 334 994 411 (tot-3)
1015 340 1092 405 tras,
1120 333 1231 392 decima

13 441 14 462 ³
77 433 245 512 <tofi-s)
271 445 421 515 quattuor.
467 435 528 494 llas
550 445 584 494 nt
606 437 683 493 iuter
705 455 738 493 ae
760 445 923 515 exaequet,
943 436 1127 496 Hermanno
1149 447 1231 516 quat·

13 551 14 576 l
78 547 156 596 tuor
179 558 282 597 versus
307 539 466 618 (tt—50)
498 541 608 620 redigit
629 540 665 598 ad
688 547 767 609 tres3
802 547 872 617 post
903 560 947 600 rs.
977 544 1018 600 58
1048 541 1232 599 intercidisse

13 683 15 694 ,
80 662 202 702 versum
225 643 351 715 statuit3
375 645 417 703 ita
440 643 493 716 lit,
516 654 550 703 ut
572 647 657 703 trium
682 643 847 701 ultimarum
870 644 977 722 prioris
998 644 1134 703 carminis
1155 655 1231 703 stro·

13 743 14 764 ³
80 749 208 827 plrarnn
233 768 336 809 versus
359 750 419 809 siut
441 753 471 809 3.
495 753 525 810 5.
549 753 578 809 l.
634 749 699 808 tam
722 749 894 828 strophan,
926 768 1001 828 quae
1030 750 1123 830 vulgo
1155 771 1232 809 nona

13 905 14 936 p
80 861 155 922 est,
179 854 347 932 transponit
369 854 568 925 dermannus,
600 863 633 910 ut
655 852 709 911 liat
732 860 859 923 aeteva,
887 861 994 912 octava
1015 862 1120 912 eontra
1143 874 1231 927 noua,

13 939 15 1012 l
79 976 143 1036 quo
170 955 300 1017 eflicitur
322 958 415 1029 idem,
435 977 518 1038 quem
544 957 635 1038 modo,
651 957 748 1036 posui,
771 975 907 1016 numerus
929 959 959 1016 3.
976 959 1050 1016 Μ.
1096 958 1149 1017 llat
1166 960 1231 1030 loe,

13 1051 15 1104 l
79 1071 117 1120 ιιι
141 1082 217 1142 paea
240 1064 342 1122 sumni
366 1064 425 1122 Viri
448 1064 491 1139 (ai
514 1082 612 1142 pneem
641 1060 707 1121 fato
730 1058 897 1120 functurum
921 1062 1077 1142 implorare
1098 1063 1147 1123 fas
1170 1065 1231 1143 eat)

80 1172 199 1242 diam,
222 1173 298 1252 quod
321 1173 434 1243 sentio,
456 1180 510 1246 est,
533 1172 669 1252 iuquam,
692 1172 748 1230 ltoe
770 1190 866 1250 genua
887 1171 1005 1229 critices
1026 1170 1062 1228 ab
1083 1189 1131 1242 eo,
1154 1173 1231 1251 quod

81 1277 112 1334 in
138 1275 274 1356 Vergilio
297 1277 493 1355 sequendum,
523 1276 648 1335 maxine
684 1274 823 1344 alienum
860 1295 942 1346 nam,
974 1275 1017 1333 uti
1045 1295 1134 1354 supra
1161 1276 1233 1349 dixi,

13 1457 14 1464 ἵ
81 1386 173 1437 ιιιιι
205 1387 252 1437 est
284 1378 414 1438 eodieum
454 1379 687 1460 Vergiliaaorum
718 1378 916 1456 praestantia,
946 1386 979 1436 nt
1008 1378 1036 1436 in
1064 1388 1123 1437 tam
1153 1380 1231 1439 brevi

81 1484 185 1561 spatio
209 1493 267 1542 tam
292 1485 382 1543 multa
405 1503 514 1544 novara
544 1485 619 1563 apud
652 1485 728 1542 lune
757 1492 872 1563 poetam
897 1504 954 1542 nou
978 1485 1075 1544 liceat.
1134 1487 1233 1552 Quare

81 1587 241 1647 adsentior
262 1589 385 1648 Aemilio
410 1587 586 1647 Hoffmanno
609 1588 756 1647 inventum
780 1588 851 1646 illud
875 1588 1066 1666 immolanti,
1095 1601 1233 1670 reeteque

80 1694 197 1752 fecisse
221 1693 287 1751 milri
318 1693 454 1753 ridentur
481 1693 625 1773 llouptius
658 1701 690 1751 et
720 1692 913 1773 Ladewigins
946 1693 1086 1772 pleraque
1115 1693 1144 1752 in
1178 1696 1233 1755 hoe

83 1799 218 1857 earmina
239 1799 359 1858 immota
389 1799 607 1877 relinquentes,
642 1816 813 1876 quamquam
844 1796 1036 1878 Ladewigius
1069 1798 1231 1860 introduct.

83 1925 113 1982 p.
137 1902 210 1961 xvt
234 1901 474 1981 antistrophieam
498 1903 641 1961 rationem
670 1920 724 1981 per
751 1909 844 1960 totum
873 1922 989 1961 earneu
1012 1903 1090 1961 iuter
1110 1923 1143 1963 aa
1165 1925 1232 1966 ron·

81 2018 171 2066 stare
192 2007 373 2079 arbitratur,
405 2008 481 2087 quud
514 2007 576 2066 iure
600 2013 690 2087 negat
713 2006 895 2065 llermanaua
926 2027 953 2086 p.
977 2010 1038 2078 473
1066 2028 1132 2066 nan
1154 2012 1232 2090 quod

82 2123 149 2171 tres
172 2111 290 2171 ultimas
311 2113 456 2191 utrimque
479 2112 617 2191 strophas
639 2109 726 2170 alian
750 2110 801 2168 alii
823 2118 936 2169 mutato
959 2111 1061 2170 ordine
1090 2112 1135 2194 (g.
1159 2115 1187 2174 lr.
1211 2115 1229 2175 i.

82 2225 117 2276 et
139 2217 169 2274 lr.
200 2236 232 2296 g.
256 2214 291 2293 i.)
320 2217 499 2294 respondere
527 2215 677 2274 existimat
702 2214 913 2294 hadewigius,
948 2216 1018 2274 talis
1046 2219 1230 2296 stropharum

82 2320 248 2400 implicatio
271 2330 353 2379 eerte
377 2340 395 2378 a
417 2321 549 2378 Romano
573 2338 653 2378 more
676 2338 799 2396 prorsus
821 2319 968 2378 abhorret.
984 2351 1025 2364 -
1070 2323 1232 2403 Persequa-

82 2446 152 2484 mur
174 2425 229 2482 iam
253 2433 362 2483 uetera.
408 2423 542 2503 Amplexi
565 2431 635 2481 suut
656 2423 803 2502 llauptina
830 2432 862 2481 et
883 2422 1074 2506 Ladawigius
1097 2431 1231 2489 nutatio-

83 2552 151 2590 uem
176 2529 212 2588 ab
234 2531 400 2588 llarmauou
422 2549 466 2589 ιι.
491 2531 532 2587 48
556 2548 600 2607 sq.
636 2527 755 2587 laetam.
812 2529 843 2586 lu
866 2528 946 2588 lilaris
967 2551 1036 2590 mss.
1059 2539 1124 2603 est,
1154 2537 1231 2613 quod

84 2639 204 2718 priores
228 2636 357 2694 editores
380 2653 479 2692 omnes
501 2642 672 2692 servarunt:

218 2742 331 2800 Saevus
354 2739 445 2798 Amor
466 2739 566 2797 docuit
589 2747 724 2797 natorum
750 2739 895 2818 sauguine
916 2746 1036 2797 matrem

217 2844 438 2904 commaculare
461 2863 578 2915 manus3
602 2842 729 2901 erudelis
753 2852 785 2900 tu
808 2863 934 2923 quoque,
959 2851 1060 2903 nater.

220 2949 353 3008 Crudelis
372 2959 466 3007 mater
488 2947 593 3028 magis,
615 2966 652 3005 an
677 2967 751 3026 puer
773 2946 909 3027 inproltus
933 2946 1000 3006 illel

220 3054 360 3132 lnprubus
383 3053 432 3112 ille
455 3073 545 3132 puer3
569 3051 696 3111 erudelis
718 3063 750 3109 tu
773 3070 905 3130 quoque,
929 3057 1030 3110 mater.

83 3162 175 3226 Quae
197 3157 379 3217 llermannus
402 3157 445 3214 aie
466 3155 601 3215 refinxit:

220 3265 271 3322 48.
296 3263 409 3321 Saevus
433 3261 522 3318 Amor
543 3260 643 3318 docuit
667 3267 802 3318 natorum
829 3257 975 3338 sauguine
997 3265 1118 3317 matrem

221 3369 272 3426 49.
296 3365 515 3425 Commaeulare
537 3383 654 3423 manus:
679 3383 761 3442 puer,
782 3365 818 3422 alr
843 3384 915 3442 puer
936 3363 1074 3442 inprobus
1098 3362 1167 3420 ille:

221 3474 272 3531 50.
297 3471 437 3550 luprobus
461 3469 510 3527 ille
533 3487 615 3547 puer,
638 3468 766 3528 erudelis
788 3477 819 3526 tu
843 3487 970 3547 quoque,
994 3475 1096 3526 mater.

85 3578 164 3639 lllud
188 3577 318 3656 primum,
341 3577 384 3633 ait
406 3575 601 3643 llermanous,
631 3575 753 3631 erudelis
783 3582 940 3652 tnqaoqae
960 3581 1051 3630 muter
1078 3569 1231 3629 absurdum

86 3695 155 3755 est,
178 3701 231 3740 nec
255 3682 376 3761 prodeat
399 3681 470 3737 lmee
493 3679 536 3738 sie
559 3679 763 3757 interpretari:
788 3696 952 3749 ,saevus
974 3677 1096 3746 Amor,
1118 3694 1232 3735 saeva

87 3801 131 3849 tu
162 3805 334 3867 quoque,
367 3793 503 3855 mater3
534 3782 581 3840 uti
612 3802 670 3842 uon
704 3802 825 3857 qaoque,
859 3782 910 3840 sed
939 3784 1049 3856 quidem
1082 3780 1231 3840 dieeudunr

88 3892 185 3954 erat”.
240 3888 398 3949 Saevitiam
422 3888 582 3967 exprobrat
611 3888 710 3946 Amori
741 3894 849 3966 poeta,
882 3886 1019 3965 additque
1051 3884 1079 3942 iu
1112 3892 1231 3944 matrem

89 4015 247 4078 quoque
270 3993 364 4053 simile
387 3994 491 4052 eadere
516 3991 710 4070 opprobrium.
760 3992 892 4052 Saevitia
915 3990 1030 4048 Amoris
1051 3989 1152 4048 decuit
1175 4007 1233 4046 ma.

90 4114 164 4162 trem
189 4111 324 4159 natorum
346 4098 490 4180 sauguine
513 4116 613 4156 manus
637 4097 870 4168 commaculare3
894 4095 971 4174 quod
992 4103 1027 4152 ut
1048 4095 1155 4154 doeere
1169 4113 1232 4154 eru·

90 4207 165 4267 delis
190 4205 236 4264 est
258 4203 363 4273 animi,
392 4204 434 4262 itu
464 4202 580 4273 fauere3
614 4221 687 4282 ergo
719 4210 956 4281 materquoque
985 4198 1121 4257 crudelia.
1174 4198 1233 4258 Sed

92 4333 151 4394 quo
174 4309 282 4369 elarius
306 4316 464 4387 appareat,
494 4305 609 4364 Amoris
632 4315 741 4384 quante
764 4308 804 4366 sit
824 4306 966 4376 saevitia,
994 4313 1146 4383 conparat
1176 4304 1233 4363 lla·
