2842 4817
479 208 622 259 laclioucs
643 206 824 277 Vergilianas.
1179 209 1220 267 55

77 359 239 419 consimilia
271 358 342 419 liaeo
372 360 431 419 sint
453 363 595 419 Diomedia
624 380 708 437 equos
734 405 741 418 .
765 406 771 419 .
796 406 803 419 .
833 380 949 420 carram
979 365 1093 434 actim,
1126 362 1220 421 leuius

76 464 146 523 illud
170 484 222 523 aec
244 466 382 524 convenit
406 464 458 523 tali
481 465 618 523 orationi.

161 569 232 628 Aea.
260 564 308 638 l0,
331 572 392 629 785
417 572 532 629 01817

73 678 176 730 transit
207 673 396 753 hadewigius
426 682 456 731 et
486 674 630 753 llanptius
660 673 841 751 scripserunt
867 692 904 729 ex
936 684 1093 752 praecepto
1125 674 1216 732 lacli-

74 776 168 835 munni
191 797 243 855 pro
265 782 386 851 uomtit,
409 778 525 857 dequo
548 777 693 856 disputavi
715 777 752 835 od
775 776 848 835 Aen.
872 780 902 845 2,
925 779 999 835 titt.

159 881 230 939 Aen.
260 886 309 953 ll,
333 883 385 941 95.
429 884 554 939 Samma
575 881 684 938 Aeaeos
705 884 861 955 pemitaqae
881 882 952 937 laec
973 880 1083 939 addidit
1105 883 1171 937 alto.

73 986 160 1041 edidit
180 984 371 1064 Ladewigius
394 994 425 1043 et
447 986 609 1064 llauptius;
634 1006 693 1065 ago
715 987 835 1054 addidit,
857 991 892 1041 ut
913 984 1038 1063 priorem
1060 984 1215 1043 lectionem

72 1086 204 1157 Medicei,
227 1088 353 1158 servari,
378 1106 430 1147 nec
454 1106 529 1147 nunc
552 1088 656 1158 labeo,
679 1108 771 1167 quaro
793 1086 930 1146 reiiciam.
976 1087 1095 1165 Siquis
1118 1096 1214 1145 autem

71 1190 212 1248 rationem
237 1210 256 1249 a
279 1210 323 1249 me
346 1192 374 1249 in
399 1191 481 1251 Vorr.
505 1193 601 1253 10011.
626 1192 802 1261 indicatam,
823 1191 974 1271 probatam
997 1190 1134 1260 Donato,
1167 1209 1214 1250 ra·

73 1293 131 1353 lere
156 1316 212 1353 nou
237 1295 375 1373 patietur,
399 1304 431 1355 at
454 1297 563 1375 poterit
585 1297 642 1357 linc
657 1299 770 1355 addidit
788 1296 825 1354 ad
848 1303 948 1353 cetera
970 1294 1005 1353 ab
1028 1295 1127 1353 Aenea
1149 1294 1215 1353 inde

71 1418 87 1455 a
111 1419 154 1457 vs.
178 1401 219 1457 59
255 1411 323 1458 acta
351 1399 473 1472 referri3
506 1420 581 1482 ergo
610 1408 764 1481 postquam
798 1399 850 1457 illa
879 1397 953 1457 fecit
981 1405 1214 1477 prosecutusque

72 1511 115 1559 est
139 1500 229 1560 funus
252 1502 409 1573 Pallantis,
432 1504 504 1562 llaec
527 1504 686 1564 addidit.

156 1606 230 1664 Aen.
258 1610 306 1677 11,
333 1610 403 1665 tta.
434 1610 520 1665 Fama
544 1652 550 1664 .
576 1653 583 1664 .
607 1652 613 1665 .
638 1611 735 1667 domoc
753 1620 781 1667 et
801 1612 913 1667 moenia
935 1606 1040 1687 replet.

71 1712 187 1783 complet
208 1709 399 1788 Ladewigias
421 1711 581 1782 revocavit,
604 1712 715 1781 nescio,
737 1731 795 1791 qua
817 1711 853 1770 do
875 1730 983 1783 cansa3
1007 1712 1111 1783 replet,
1134 1712 1211 1789 qaod

71 1814 155 1873 ctiam
181 1814 325 1893 llaaptius
348 1814 476 1885 exlrilret,
499 1816 615 1893 potiora
637 1815 767 1876 codicum
791 1816 970 1873 auctoritate
991 1813 1134 1873 lirmatnr.

155 1919 229 1978 Aen.
258 1923 306 1989 11,
333 1922 403 1979 lul.
449 1922 484 1977 lit
503 1924 549 1977 aia
571 1924 621 1979 010
640 1923 752 1979 taudem
776 1921 841 1981 voci
863 1923 961 1978 laaata
982 1922 1080 1977 dolore
1100 1930 1149 1979 ott.

70 2024 143 2081 nocis
167 2023 258 2081 edidit
273 2023 473 2103 ludewigius,
495 2028 559 2082 coci
572 2044 681 2084 mecam
697 2024 850 2102 amplexus
865 2033 912 2083 cst
923 2024 1077 2103 llanptias.
1121 2023 1210 2081 certe

71 2128 96 2183 id
119 2128 199 2207 quod
223 2134 312 2206 pocta
334 2148 391 2186 non
416 2128 512 2205 potuit
535 2148 592 2187 non
615 2129 742 2199 sentiro,
773 2129 829 2207 ipsi
860 2128 903 2187 rei
926 2128 1017 2186 molto
1038 2126 1211 2188 convenicu-

10 2286 11 2289 ,
72 2232 127 2289 tius
152 2240 199 2290 est
220 2235 301 2303 roci3
334 2250 404 2310 prae
433 2231 608 2292 dolorevix
632 2231 1004 2311 patefactaestviavooi
1028 2232 1211 2310 001000000-

73 2335 172 2393 tianda
195 2336 319 2407 scilicet,
342 2356 417 2415 quaa
442 2336 491 2395 ille
515 2336 595 2416 loqui
618 2336 745 2397 volebat.

158 2439 231 2497 Aen.
251 2442 297 2509 11,
317 2438 388 2499 1118.
422 2440 502 2510 Quot
521 2443 547 2497 ri
567 2443 710 2499 immatura
733 2441 864 2499 mouebat

416 2544 490 2601 llors
511 2554 636 2617 pactam,
659 2549 749 2601 caetis
778 2546 939 2603 Volscorum
962 2544 1072 2600 militar
1093 2555 1160 2600 aute

416 2647 567 2705 Ducentem
593 2652 624 2705 ia
647 2650 756 2707 Latiam
779 2651 898 2707 Teucros
923 2651 1057 2705 cecidisse
1086 2648 1210 2707 iuuaret.

69 2748 177 2803 iurabit
199 2746 388 2827 ludewigius
410 2759 500 2829 atque
522 2751 610 2809 etiam
635 2752 789 2831 lluuptias.
834 2752 901 2831 llgo
929 2770 968 2809 cx
991 2750 1107 2829 optimis
1129 2750 1210 2809 lilris

70 2850 219 2934 llediceo,
242 2851 395 2923 Romano,
424 2855 610 2913 restituerant
633 2858 757 2924 iuraret,
785 2864 874 2933 atque
897 2854 925 2912 10
950 2854 1032 2911 Varr.
1054 2855 1152 2913 Lectt.
1175 2874 1211 2913 ca

71 2953 194 3033 scripsi,
225 2972 299 3031 quae
328 2955 365 3013 ad
395 2956 571 3033 probandam
594 2976 657 3017 eum
682 2958 835 3016 lectionem
859 2957 957 3017 volere
980 2957 1073 3015 adlruc
1096 2958 1210 3036 opinor,

71 3058 195 3137 probata
216 3058 303 3116 etiam
326 3059 470 3119 Carolo
494 3062 627 3135 Tliial,
650 3082 733 3141 quem
747 3082 802 3120 suo
825 3063 888 3120 iare
910 3062 1023 3140 plurimi
1045 3061 1133 3120 facio.
1178 3063 1209 3120 ln

8 3240 10 3253 .
71 3163 166 3221 011000
182 3160 309 3219 lectione
333 3182 389 3221 000
413 3166 657 3243 reprehenderim,
680 3167 785 3244 siquis
803 3165 926 3225 Volscos
949 3185 1002 3243 pro
1019 3165 1137 3223 Rutulis
1153 3165 1209 3224 dic·

71 3274 117 3323 tos
140 3264 278 3342 accipiat,
301 3284 359 3344 qna
381 3267 557 3329 confusione
580 3269 695 3329 liberari
720 3278 809 3347 poeta
832 3289 867 3327 oe
896 3268 963 3327 aliis
992 3268 1106 3348 quidem
1136 3268 1210 3327 locis

8 3400 9 3455 3
71 3378 184 3448 potest3
207 3369 260 3427 sed
281 3368 334 3427 illa
357 3372 423 3429 milii
446 3373 562 3432 videtur
585 3374 671 3433 nimia
693 3394 728 3432 00
752 3374 833 3432 00110
857 3372 942 3431 modo
964 3371 1210 3450 ferendulryper·

8 3460 10 3529 l
71 3473 155 3543 lule,
188 3473 213 3529 si
237 3472 373 3531 Euander
394 3476 559 3537 Pallantem
582 3478 734 3537 admodum
757 3478 836 3537 lirevi
859 3474 988 3561 dptazstp
1011 3496 1094 3534 usum
1115 3477 1210 3536 caesis

72 3578 244 3635 Volscorum
268 3576 415 3637 milibus
447 3581 588 3639 cecidisse
615 3590 726 3660 sperat.
771 3582 884 3639 Contra
905 3580 931 3638 si
953 3580 1063 3638 diutius
1084 3587 1210 3638 tractum

8 3738 9 3773 3
70 3682 1211 3764 000011001100οΡ011001100000000000000000010000000101010000010
1248 3678 1252 3686 ’

8 3776 10 3847 i
70 3797 167 3859 esset,
197 3788 344 3866 potuisset
371 3788 507 3847 maiorem
535 3796 665 3868 stragem
689 3790 776 3847 edere
798 3807 936 3867 eamque,
965 3788 993 3845 in
1017 3807 1101 3867 qnam
1123 3787 1210 3847 verba

8 3854 10 3919 l

8 3958 10 4073 l

8 3928 10 3957 .
70 3894 121 3952 illa
155 3893 257 3951 melius
288 3894 435 3951 caderent.
489 3893 528 3951 At
558 3894 665 3953 dixerit
694 3892 801 3971 aliquis
837 3892 915 3951 milia
948 3892 1117 3951 Volscorum
1154 3893 1210 3950 dici

70 3997 231 4057 exercitum
259 3996 430 4055 Volscorum
453 4016 575 4077 eumque
591 4016 706 4057 caesum
730 4016 807 4066 esse,
830 3997 849 4054 i.
873 4016 899 4054 e.
923 3996 1030 4055 multos
1053 4017 1091 4054 ex
1114 4016 1149 4054 eo
1165 4015 1208 4054 ce·

8 4086 10 4125 t
70 4102 187 4161 cidisse.
232 4100 263 4158 ld
287 4100 312 4159 si
335 4100 432 4159 dicere
455 4102 599 4162 voluisset
621 4108 719 4180 poeta,
743 4107 824 4159 certe
847 4099 968 4159 delielmt
988 4099 1207 4177 ambiguitatem

71 4210 176 4268 vitare.

159 4312 231 4369 Aen.
257 4314 307 4381 ll,
332 4312 404 4370 356.
446 4328 544 4383 pacem
567 4312 640 4367 loric
662 4318 778 4366 aeterno
798 4308 914 4377 foedere
933 4305 1049 4383 iungas.
