2842 4817
457 229 601 280 Lectiones
619 228 802 293 Vergilianas.
1168 229 1211 290 67

81 374 180 458 δένδρῳ
203 385 279 441 τινί.
309 388 342 440 ιδ
365 399 439 462 quae
461 391 528 442 sunl
551 393 634 444 certa
656 405 743 464 pona
764 381 894 441 incertae
915 380 1052 441 arhorisl
1094 382 1208 442 Contra

77 503 141 550 „sua
161 503 205 563 qu
215 503 311 564 aque
332 485 384 544 suh
407 486 511 546 arhore
526 489 622 546 mala”
636 486 806 568 significant
822 486 856 546 ιὰ
870 482 935 546 ἴδια
949 483 1072 545 iadorae
1085 483 1208 565 δένδρου

13 675 15 686 γ
76 589 153 663 μῆλα,
176 608 251 668 quae
263 591 410 650 sententia
422 610 480 650 una
494 593 632 670 exprimit
643 593 682 664 id,
704 593 782 671 quod
797 599 887 670 poeta
900 598 932 650 et
948 590 1043 651 voluit
1059 601 1091 650 et
1098 590 1206 651 debuit.

13 991 15 1030 l

13 1059 15 1090 l

13 1103 14 1140 l

13 1163 14 1182 l

151 693 215 752 llol.
239 697 271 764 8,
293 697 344 754 7⁴.

193 800 244 858 73.
290 800 381 856 rma
402 800 452 856 δι’δι’
474 801 543 858 hooc
561 803 684 874 primm
706 801 813 873 &iptioi
834 801 946 856 διἰιδια
968 799 1063 857 colore

290 904 371 960 hicio
392 905 546 976 circumdo,
569 915 664 980 eerqm
686 905 760 964 hano
783 905 890 960 odorio
913 906 1021 960 circum

295 1009 425 1082 Eplpiem
447 1010 530 1068 duco.

75 1108 134 1166 laec
154 1112 260 1168 atarto
283 1110 417 1183 Jahoios,
439 1111 640 1192 hadewigios,
663 1111 819 1189 llauptius,
841 1119 932 1190 atque
953 1110 996 1170 its
1018 1109 1135 1169 eodioes
1156 1128 1206 1168 ex·

13 1253 14 1316 ,
76 1220 150 1290 cepto
180 1233 238 1274 uoo
269 1235 378 1274 onnes.
422 1216 545 1276 Jahoius
578 1217 632 1274 hae
662 1216 755 1274 utitur
784 1223 890 1274 eontra
918 1233 962 1274 mo
993 1214 1208 1292 disputatione:

76 1317 159 1384 „hone
187 1336 250 1376 oum
282 1317 340 1376 looi
372 1321 517 1380 sententia
544 1339 602 1378 oon
631 1319 778 1379 convenit.
830 1319 923 1398 Maga
952 1319 1027 1377 enim
1049 1316 1208 1396 Daphnidis

75 1418 193 1500 effigiem
215 1422 244 1480 io
268 1423 397 1482 manibus
421 1433 512 1496 tenet,
535 1445 597 1484 eum
621 1425 792 1504 alloquitur,
815 1425 900 1503 eique
922 1423 1054 1482 ostendit
1074 1421 1209 1502 singulos

13 1563 14 1624 ᾗ
75 1543 132 1595 res,
162 1526 264 1606 quibus
296 1529 438 1610 magicam
468 1538 561 1588 artem
592 1529 719 1609 experiri
740 1529 813 1590 vult.
859 1528 1035 1587 Vocabulum
1057 1532 1208 1603 inopinos·

76 1631 224 1709 respondet
247 1653 423 1714 praegresso
446 1636 506 1706 δι’δι’,
530 1654 622 1715 oeque
644 1635 724 1694 uliud
746 1633 897 1714 signifieat
919 1653 1003 1714 quam
1026 1643 1061 1690 te.
1106 1633 1208 1711 ltaque

74 1735 140 1793 hono
160 1741 313 1811 imopiaem
335 1737 485 1818 signifieat
506 1740 580 1796 hune
601 1749 646 1808 δι,
669 1739 747 1818 quod
769 1739 797 1797 h.
821 1738 840 1796 l.
864 1738 992 1816 ineptum
1014 1744 1070 1795 est.
1116 1736 1208 1794 Recte

76 1848 182 1898 auten:
204 1842 278 1912 „tihi
302 1843 374 1902 haeo
396 1843 463 1902 licia
486 1843 650 1916 circumdo,
681 1851 711 1902 te
741 1842 848 1902 circum
879 1844 951 1902 haee
973 1841 1080 1900 altaria
1102 1840 1208 1899 dueo.”

74 1941 193 2003 Primum
226 1966 283 2004 uon
310 1947 383 2006 vidit
403 1947 526 2006 Jahnius
548 1950 622 2005 hono
643 1951 766 2023 effiytem
789 1967 855 2006 esse
885 1947 1057 2027 imaginem,
1081 1964 1155 2024 quoe
1178 1952 1208 2003 te

13 2065 14 2068 ¹
74 2056 289 2126 repraesentat3
322 2052 386 2132 quis
409 2061 505 2112 autem
529 2053 652 2132 ineptire
675 2053 754 2110 dicat
777 2071 853 2122 eum,
876 2053 923 2130 qui
947 2051 1072 2108 huncio
1096 2051 1208 2109 modum

76 2151 223 2231 loquatur:
254 2166 342 2235 atque
372 2157 446 2216 hane
475 2156 629 2236 imaginem
661 2166 690 2216 te
713 2163 981 2236 repraesentantem
1005 2155 1079 2213 duno
1102 2155 1207 2212 oiroum

73 2258 182 2318 altaria.
229 2259 405 2341 Effigies
428 2270 533 2334 autem,
556 2261 612 2320 uisi
634 2262 799 2320 uuiversum
815 2278 910 2341 genus
923 2279 959 2319 eo
973 2259 1117 2318 vocabulo
1134 2278 1210 2317 oom-

74 2363 274 2438 prehenditur,
305 2373 351 2423 ost
373 2366 509 2446 aliqua
532 2365 718 2446 effigies,
753 2385 809 2422 non
833 2365 941 2434 hoec,
971 2383 1028 2420 nou
1055 2371 1138 2432 tua,
1168 2363 1210 2421 in·

73 2477 161 2539 certa,
195 2489 251 2527 oou
274 2479 371 2541 certo,
403 2490 476 2550 ergo
503 2471 592 2530 verha
622 2473 697 2528 hono
719 2473 841 2543 effipiam
864 2488 920 2526 non
943 2465 1114 2547 significant
1137 2471 1210 2524 hono

14 2571 15 2576 ’
72 2579 114 2642 te3
146 2572 216 2629 nihil
241 2572 334 2652 igitur
354 2575 443 2652 inepti
467 2575 495 2632 in
517 2574 645 2634 lectione
669 2571 735 2631 mihi
759 2573 923 2650 l'ossioque
946 2571 1086 2649 probata3
1118 2589 1210 2649 oeque

14 2741 15 2746 ἵ
72 2675 93 2732 is
112 2684 178 2735 erat
198 2676 329 2748 Vossius,
352 2685 384 2736 ut
407 2698 524 2738 eausam
544 2699 629 2760 agam
654 2678 771 2748 mortui,
795 2677 844 2756 qui
865 2674 954 2734 focile
977 2675 1094 2754 ineptiis
1117 2695 1149 2734 se
1172 2677 1207 2733 ir·

14 2777 16 2800 ¹
73 2783 181 2841 retiret.
233 2783 425 2863 intelligimus
454 2784 583 2863 quidem,
615 2802 677 2841 oum
710 2780 942 2862 pharmaceutria
972 2780 1133 2858 alloquitur
1163 2781 1209 2838 ah·

14 2929 16 3002 l

14 2883 15 2924 l
74 2898 180 2945 sontem
205 2887 401 2966 Daphnidem,
434 2889 468 2945 ad
493 2888 645 2968 imaginem
669 2887 828 2965 Daphnidis
848 2894 982 2963 spectare
1005 2885 1080 2942 huno
1102 2885 1210 2959 sermo·

72 3009 140 3062 nem,
165 2991 217 3049 sed
241 3009 303 3049 cum
326 2991 441 3069 inipso
466 2991 580 3048 nomine
601 2993 651 3050 δι’δι’
674 2991 754 3048 nulla
777 2991 846 3048 insit
869 2990 950 3047 notio
974 2988 1124 3069 imaginis,
1148 3010 1206 3046 non

71 3092 189 3154 debehat
219 3095 321 3154 deinde
353 3097 454 3154 nudum
483 3095 651 3154 vocobulum
689 3095 823 3175 imaginis
854 3093 972 3164 inferri,
1004 3094 1109 3173 quippe
1132 3093 1207 3172 quod

14 3221 15 3236 ³
71 3217 173 3280 ragam
204 3199 350 3277 relinquat
373 3200 401 3258 in
424 3201 518 3258 auimo
550 3201 714 3270 notionem,
741 3199 792 3258 sed
823 3198 937 3257 adiecto
970 3198 1140 3276 pronomine
1162 3198 1210 3257 de·

15 3303 16 3340 l
71 3305 262 3364 monstratiro
286 3305 489 3363 declarandum
514 3315 588 3375 erut,
614 3323 687 3382 quae
710 3311 791 3362 esset
813 3322 849 3361 ea
871 3302 989 3381 imago,
1014 3301 1065 3358 illa
1087 3302 1210 3372 seilicet,

15 3583 16 3598 l

15 3599 17 3628 l

70 3427 150 3485 quam
187 3408 291 3467 mulier
321 3409 379 3467 ista
410 3427 494 3467 manu
524 3408 641 3466 tenebat
671 3408 745 3466 liciis
779 3407 959 3465 adornatam.
1004 3405 1087 3462 Ferri
1110 3407 1208 3484 aliquo

15 3535 16 3576 l
71 3514 154 3572 modo
178 3515 233 3571 hoo
255 3521 372 3592 posset:
403 3515 495 3572 duoo
518 3513 588 3571 tihi
612 3512 815 3592 effigiem,
844 3511 920 3591 quod
951 3509 993 3568 ita
1022 3510 1143 3579 dicitur,
1178 3517 1211 3568 ut

15 3643 16 3704 ᾗ
70 3619 117 3675 δι’δι’
139 3637 204 3676 oum
227 3621 300 3676 duco
322 3619 478 3698 iungatur3
509 3619 559 3677 sed
589 3619 734 3697 quomodo
765 3619 885 3690 effipiam
915 3614 1093 3691 respondere
1116 3616 1210 3690 possit

72 3723 233 3799 pronomini
256 3723 326 3792 δι’δι’,
360 3741 413 3780 nae
437 3723 463 3780 id
488 3741 544 3780 non
569 3721 672 3793 video;
704 3740 767 3779 nen
796 3721 852 3778 etsi
883 3719 949 3778 nori
972 3737 1024 3796 pro
1048 3735 1108 3774 eum
1133 3717 1210 3795 apud

72 3835 176 3904 poetar
200 3845 289 3904 saepe
309 3830 400 3883 airum
422 3836 452 3885 et
475 3827 580 3885 similia
603 3824 738 3883 similiter
759 3823 831 3893 dici,
862 3830 958 3880 tameo
984 3819 1128 3898 quomodo
1150 3825 1210 3893 effi·

70 3936 141 4005 ptem
166 3952 218 4009 pro
241 3941 267 3989 te
289 3939 340 3988 aut
362 3941 436 3988 διιδιι
458 3933 505 3991 vel
528 3934 602 3988 hone
623 3933 744 4004 effipiam
767 3928 822 3985 diei
851 3926 964 4004 possit,
1002 3924 1057 3982 uisi
1080 3931 1149 3981 ante
1171 3923 1211 3981 di·

72 4036 160 4094 sertis
182 4033 277 4094 verhis
300 4053 441 4112 expressa
464 4036 504 4093 sit
527 4035 608 4093 notio
633 4031 785 4110 imaginis,
808 4016 866 4087 non
885 4037 1015 4107 exputo;
1039 4047 1210 4107 quamquam

16 4149 18 4258 p
73 4141 138 4199 mihi
164 4140 226 4219 ipse
249 4158 340 4218 paene
365 4141 497 4211 irascor,
521 4138 598 4218 quod
622 4155 678 4194 oon
702 4133 865 4212 perspicio,
889 4132 967 4211 quod
989 4132 1043 4190 viri
1066 4132 1211 4210 perspiea-

73 4263 121 4304 oes
146 4245 333 4324 perspexisse
355 4245 408 4304 sibi
431 4246 485 4305 visi
509 4252 587 4303 suot.
633 4241 690 4300 Sed
714 4239 836 4297 missum
862 4238 917 4295 hoo
939 4235 1091 4294 faciamus.
1137 4235 1211 4293 lllud

74 4351 169 4428 quiris
204 4349 292 4410 facile
320 4352 478 4422 concedet,
512 4369 574 4408 oum
609 4348 664 4407 iam
694 4365 740 4404 rs.
763 4346 803 4403 dt
828 4342 863 4400 ah
890 4341 955 4420 ipsa
982 4340 1213 4417 pharmaceutria

926 4454 967 4512 ἥ*
