2842 4817
220 194 264 257 48
649 194 771 265 Philippi
787 196 943 262 wag-eri·

219 365 285 423 quc,
316 346 352 405 sb
384 348 500 427 optimis
528 348 695 428 ignoratur.
750 350 812 420 En,
843 356 954 428 quanta
986 348 1154 409 iudiciorum
1184 350 1357 410 diversitos!
1417 334 1421 343 ⁴

220 452 357 523 Heinsio,
387 452 434 515 cui
456 453 484 517 ir
507 452 648 513 eiusmodi
671 472 762 513 causa
794 453 913 513 muitum
940 451 1056 523 tribon,
1087 457 1264 534 epexegesis
1287 456 1316 514 b.
1339 456 1359 514 Ι.

221 554 340 619 mirifice
363 556 476 635 piscet3
501 558 617 619 latinius
637 566 743 616 contra
765 557 875 618 eausa
895 556 1002 635 capula
1024 554 1105 621 effici
1126 558 1188 629 sit,
1218 568 1252 619 ut
1273 566 1362 639 poeta

220 662 282 741 ipae
303 662 359 722 rim
383 662 547 721 sententiae
569 662 719 723 imminuat
741 662 878 733 „Aeneas
900 661 1047 738 Lydorum
1071 682 1195 734 manum,
1217 664 1286 727 boc
1306 672 1363 723 est

221 765 364 826 collectas
387 773 535 846 agrestes,
557 767 689 839 armet”;
712 768 813 845 itaque
835 764 968 844 copulam
993 768 1160 825 necessario
1174 774 1283 845 poetae
1301 767 1361 825 red-

219 872 340 932 dendam
363 890 439 933 csse·
484 870 572 950 Atqui
601 871 644 931 its
667 871 797 931 homines
827 870 906 929 acuti
920 889 1038 945 suase
1060 871 1115 950 ipsi
1138 872 1269 933 acumine
1291 891 1358 931 coa·
1417 880 1421 893 ’

220 974 327 1057 figunt.
377 974 443 1034 Non
474 975 545 1037 vidit
567 975 683 1035 iabnius
705 975 734 1033 id
769 975 861 1053 ipsum
893 975 1037 1034 interesse
1064 975 1143 1035 inter
1164 976 1308 1054 poeticum
1332 985 1362 1035 et

220 1081 382 1161 pedestrem
406 1100 588 1149 sermenem,
619 1087 652 1139 ut
673 1079 745 1137 iiiud
764 1082 817 1138 boc
838 1089 880 1137 est
900 1079 928 1137 io
952 1080 1008 1139 boc
1037 1080 1185 1139 tuieretur
1204 1081 1251 1140 vei
1273 1081 1361 1139 etiam

219 1185 402 1264 requiratur,
425 1186 460 1247 ab
482 1186 534 1246 ilia
555 1194 723 1265 respuatur.
767 1187 810 1245 Ac
832 1187 858 1246 si
881 1187 948 1265 quid
971 1194 1074 1257 restet,
1097 1187 1175 1266 qued
1194 1188 1249 1247 Te
1271 1187 1379 1247 effen·

220 1291 285 1362 dat,
308 1291 500 1362 Astbeni,
534 1291 562 1349 id
586 1309 673 1369 spere
704 1290 780 1349 scita
814 1290 1054 1369 pronuntiatione
1075 1289 1143 1349 toiii
1165 1310 1273 1371 posse,
1305 1310 1362 1349 non

220 1395 340 1455 inhibita
363 1404 431 1473 pest
452 1414 564 1453 muneras
585 1414 668 1455 voce.
715 1393 855 1473 Copuiam
888 1396 936 1473 qui
958 1395 1054 1465 addit,
1082 1396 1182 1456 nescio
1215 1416 1251 1455 an
1273 1395 1362 1453 ambi·
1412 1440 1418 1454 .

220 1500 345 1582 guitatis
367 1499 475 1578 aliquid
492 1498 601 1559 inferat
615 1500 814 1579 incertumque
830 1499 987 1578 relinquat,
1003 1500 1100 1560 sintne
1113 1501 1166 1572 iiii,
1188 1501 1238 1579 qui
1253 1521 1362 1580 agre·

220 1614 302 1665 stas
322 1605 476 1676 dicuntur,
507 1605 601 1682 Lydi,
633 1624 668 1663 ua
694 1603 755 1662 aiii.
812 1604 922 1683 Nempe
953 1604 1031 1683 quod
1061 1605 1211 1684 proserius
1231 1606 1364 1685 scriptor

219 1710 327 1772 dixerit
350 1709 517 1787 „Lydorum
543 1729 654 1769 manum
678 1729 717 1769 ex
739 1708 854 1789 agresti
878 1707 952 1785 pube
973 1709 1165 1786 collectam,”
1196 1710 1273 1768 idio
1297 1729 1362 1768 eum

220 1814 331 1875 modum
357 1810 469 1873 inflexit
492 1822 589 1893 poeta,
613 1834 694 1894 quem
720 1816 776 1874 boc
792 1832 877 1874 versu
895 1813 1145 1891 deprehendimus.
1190 1815 1260 1885 „At,
1281 1815 1363 1874 dixe-

218 1918 258 1977 rit
280 1918 395 1997 aliquis,
419 1936 557 1978 carnosae
571 1924 640 1977 suut
656 1918 729 1995 Lydi
749 1916 936 1998 agrestesi”
966 1917 1089 1978 Scilicet
1101 1918 1192 1978 robur
1212 1918 1364 1976 exercitus

218 2020 413 2102 significatur,
438 2022 514 2101 quud
537 2021 613 2100 apud
636 2022 823 2098 Tyrrhenos,
846 2028 879 2079 ut
901 2021 977 2099 apud
1003 2021 1162 2091 boetianas,
1184 2040 1222 2082 ex
1244 2021 1362 2100 agresti
1418 2017 1420 2019 ’

219 2128 370 2190 iuventute
393 2128 556 2187 constabat.

302 2234 373 2295 Aen.
397 2235 427 2305 9,
452 2235 502 2293 dn.
547 2232 627 2292 duris
650 2234 733 2290 dolor
755 2234 859 2289 orobos
881 2235 973 2291 ardet.

219 2340 316 2410 dorus,
338 2338 417 2417 quod
440 2358 456 2398 e
480 2336 615 2399 Gudieao
639 2344 792 2407 enotatur,
823 2335 1051 2397 conmmendatum
1074 2354 1094 2395 a
1117 2334 1294 2405 bibentia,
1318 2355 1363 2393 re·

218 2453 341 2502 vocatur
362 2463 380 2501 a
402 2442 577 2523 hadewigio
601 2450 632 2501 et
653 2443 791 2522 Hauptio.
837 2440 974 2519 Equidem
999 2460 1056 2498 nen
1080 2446 1150 2518 puto
1170 2439 1362 2499 deserendam

218 2565 284 2609 nasa
306 2554 469 2607 ceterarum
494 2546 629 2605 librorum
653 2547 871 2609 auctoritatem.
914 2546 1023 2605 Facilis
1046 2566 1118 2605 snae
1140 2546 1306 2617 sententia,
1337 2548 1363 2607 si

218 2654 301 2719 durus
324 2651 475 2730 scripserit
491 2649 648 2730 Vergilius,
671 2650 722 2709 scd
745 2654 823 2709 daris
838 2652 952 2713 minime
962 2653 1167 2711 reiectaneuu.
1206 2652 1238 2710 Si
1252 2654 1282 2723 8,
1295 2655 1362 2712 aad

97 2742 99 2745 ¹
217 2753 300 2817 calor
321 2774 359 2813 ex
383 2754 462 2813 mulii
485 2752 593 2813 affectu
616 2763 702 2813 natus
727 2753 857 2815 Vulcano
873 2754 1136 2834 „liquefacta
1158 2775 1211 2833 per
1229 2775 1299 2815 ussa
1313 2776 1363 2815 cu·

217 2860 341 2931 currit”,
364 2859 430 2939 quid
454 2859 627 2929 mirabimur,
650 2860 675 2918 ri
696 2861 727 2919 iu
750 2863 900 2921 contraria
922 2881 1013 2922 caess
1029 2882 1099 2921 ossa
1120 2861 1333 2923 duranturt

303 2962 548 3042 Aeu9,140sq.
595 2966 650 3023 Sed
668 2968 788 3037 periisse
809 2967 892 3023 und
912 2969 979 3024 rans
1001 2975 1058 3036 est,-
1076 2982 1198 3038 peccora
1217 2968 1319 3037 suimet

588 3073 657 3134 nna
668 3076 736 3130 sutis
749 3076 860 3147 pendas
870 3076 953 3130 modo
965 3091 1022 3131 nen
1032 3090 1120 3147 penus
1128 3090 1212 3132 omar
1220 3091 1362 3150 perosos.

215 3181 246 3235 Si
264 3178 382 3251 periisse
403 3174 494 3235 edidit
516 3175 726 3255 drudewigius,
753 3178 812 3235 Sed
840 3176 963 3235 retinuit
985 3176 1149 3253 Hauptius3
1180 3194 1277 3253 neque
1297 3194 1361 3255 ego

216 3281 368 3361 quidquem
392 3298 500 3343 causae
522 3279 617 3350 video,
642 3299 733 3357 quere
755 3281 928 3360 optimorum
953 3279 1090 3341 librorum
1113 3278 1198 3339 fidem
1224 3279 1362 3360 negliga-

216 3404 286 3445 mus.
310 3389 350 3431 '-
396 3384 472 3443 idem
497 3384 687 3464 hadewigius
721 3405 759 3444 ex
790 3405 848 3445 uno
879 3386 981 3445 codice
1002 3384 1118 3445 Veneto
1149 3384 1260 3463 recepit
1282 3403 1364 3442 ausc

214 3510 313 3568 penas,
343 3490 491 3571 probatum
523 3490 608 3549 etium
643 3490 836 3561 Markiands,
867 3491 998 3560 Boudia,
1030 3489 1181 3548 Dietscbiu
1212 3497 1243 3547 et
1265 3508 1364 3569 nuper

215 3597 270 3677 ipsi
294 3596 430 3676 Hauptio.
463 3598 547 3657 modo
569 3614 645 3653 auac
667 3614 704 3654 ex
728 3596 846 3675 liuguae
869 3596 994 3655 Latinae
1018 3594 1243 3664 consuetudine,
1266 3613 1361 3674 quaa·

215 3709 273 3760 tum
299 3720 333 3759 ea
357 3700 438 3759 nobis
461 3700 583 3781 cognita
605 3706 663 3771 est,
686 3699 855 3780 significat:
878 3701 904 3759 si
927 3720 983 3759 nan
997 3700 1068 3771 alio,
1091 3706 1124 3758 at
1144 3699 1360 3778 bectemperc,

213 3823 269 3863 aar
284 3806 366 3876 fetat,
399 3822 453 3861 aar
475 3807 546 3861 dieas
567 3806 639 3873 aaut,
672 3803 748 3881 qued
779 3803 903 3863 alienum
927 3823 993 3863 esse
1017 3822 1036 3861 a
1060 3802 1208 3865 sententia
1232 3802 1360 3883 Vergilii

214 3907 365 3978 existimo,
397 3926 489 3985 neque
521 3907 593 3964 enirn
625 3904 736 3977 refert,
772 3926 847 3966 nunc
873 3926 912 3965 an
933 3906 995 3967 aiio
1018 3924 1076 3986 quo
1100 3913 1231 3985 tempore
1255 3905 1360 3967 odisse

213 4011 364 4073 debuerint
396 4027 491 4090 genus
521 4007 694 4082 femineum,
727 4009 778 4068 sed
811 4011 927 4071 unanimo
956 4010 1054 4069 odisse
1084 4010 1235 4069 debebant.
1281 4010 1357 4070 Nam

213 4115 290 4194 quod
313 4113 443 4171 Handius
466 4104 537 4171 baec
560 4114 707 4191 componit
730 4132 794 4173 cunr
817 4133 903 4176 verra
927 4114 1097 4176 Tibullianu
1112 4118 1138 4189 i,
1156 4117 1182 4185 i,
1196 4117 1235 4173 25
1261 4116 1357 4185 „iem

214 4219 319 4278 modo
343 4237 441 4277 nunc
468 4236 587 4297 possum
616 4225 773 4277 contentus
803 4220 900 4279 vivere
919 4219 1054 4297 parro,”
1083 4238 1118 4277 eo
1145 4217 1212 4277 nibil
1231 4218 1358 4298 ,probari

218 4323 284 4385 mibi
307 4322 441 4393 videtur,
465 4320 694 4400 quandoquidem
719 4330 788 4383 aete
809 4322 986 4400 probandum
1009 4320 1067 4383 fuit
1087 4322 1181 4401 ipsum
1202 4322 1275 4383 iliud
1297 4326 1360 4384 iuss
