2842 4817
488 203 633 254 Lectiones
653 202 835 268 Vergilianas.
1175 203 1215 262 95

66 373 139 423 sas,
166 373 260 432 qnae,
292 361 326 412 nt
356 341 427 412 loeo
456 371 511 412 suo
542 360 675 413 moveret
706 373 821 413 versam
848 357 919 424 toa,
949 355 1127 414 induxerunt
1148 356 1218 414 fler·

64 477 226 540 mannum,
249 460 277 517 in
300 478 354 518 sna
377 459 447 518 sede
470 458 650 516 retinendum
674 458 783 542 indicos
840 460 915 517 Sunt
937 460 1013 518 eninr
1034 460 1106 520 haee
1129 461 1216 521 verba

63 563 281 641 conspicientia
305 563 359 624 iam
382 563 552 621 redeuntem
576 561 734 640 Daphnim,
762 562 829 632 sed,
856 563 899 621 uti
921 561 956 622 fit
978 564 1006 622 in
1030 562 1081 622 tali
1100 584 1142 635 re,
1165 565 1214 624 aix

62 668 219 726 credentis
251 669 312 726 suis
342 667 444 727 oculis.
474 701 518 710 -
568 667 709 746 Reiiqnas
742 668 920 727 mutationes
955 669 1078 740 omitto,
1111 677 1214 747 utpote

3 827 5 836 ,
64 770 160 829 etiam
184 791 202 829 a
224 770 400 852 Ladewigio
424 771 611 850 Hauptinque
633 772 828 850 praeteritaa3
856 791 940 831 unam
970 784 1066 831 tamen
1090 792 1211 832 comme·

62 896 197 946 morare,
220 877 325 956 qnippe
352 877 437 958 gravi
461 885 636 957 argumento
660 875 777 948 fultam,
800 878 992 958 supersedere
1007 899 1063 936 non
1084 898 1213 957 possum.

61 981 171 1061 Negat
193 982 269 1041 eninr
291 981 472 1041 Burmannus
496 980 591 1040 verbis
615 1000 709 1040 nonae
728 983 869 1061 strophae
903 985 979 1053 „His-
998 1002 1049 1059 epo
1072 984 1212 1056 Duptoim

63 1089 256 1179 ridpradiam¹
275 1091 412 1147 nitidius
435 1065 518 1160 m,
541 1091 585 1147 aii
604 1094 735 1148 earmina
757 1091 866 1148 earat''
893 1091 988 1149 locum
1017 1110 1083 1150 esse
1106 1088 1134 1148 in
1158 1090 1212 1148 hoe

63 1192 215 1264 earmina,
246 1194 301 1252 nisi
324 1213 360 1253 ea
382 1195 505 1272 stropha
536 1195 632 1254 sedem
663 1189 823 1255 commutet
851 1215 914 1254 eune
943 1196 1068 1279 stropha
1097 1202 1236 1255 octava.-

63 1299 226 1370 „Qnorum
250 1287 421 1370 verborum,
445 1299 549 1378 inquit,
573 1318 636 1357 uum
660 1299 733 1359 haee
754 1301 859 1371 debeat
879 1302 1027 1361 sententia
1048 1321 1131 1371 esse,
1154 1309 1213 1359 tam

65 1424 175 1483 parum
197 1404 277 1467 iiluna
299 1404 371 1462 deos
394 1415 424 1462 et
446 1404 573 1463 earmina
598 1423 719 1475 curare,
742 1414 776 1463 ut
798 1405 850 1464 taii
874 1405 914 1464 sit
936 1407 963 1466 ri
986 1405 1211 1485 adgrediendus,
1235 1459 1237 1461 ,

62 1509 111 1565 eui
136 1509 279 1568 resistere
302 1521 441 1588 nequeat,
465 1510 654 1589 requirimus,
677 1517 711 1568 ut
727 1510 755 1568 id
772 1510 865 1588 ipsum
880 1509 1002 1569 dieatur.
1048 1511 1085 1569 Et
1104 1511 1212 1570 dictum

62 1621 113 1670 est
139 1611 272 1691 quidem,
295 1613 347 1671 sed
371 1633 428 1672 nan
451 1597 505 1672 suo
529 1613 614 1686 ineo,
645 1614 672 1672 in
696 1634 732 1672 ea
754 1614 892 1693 stropha,
924 1634 999 1692 quae
1027 1615 1101 1674 hano
1130 1636 1211 1695 prae·

63 1714 181 1776 redit.”
225 1718 264 1776 At
287 1717 343 1775 hoe
367 1718 452 1776 modo
477 1718 665 1788 dirimuntur,
689 1736 765 1801 qnae
788 1718 881 1777 dirimi
909 1718 989 1777 nulio
1019 1729 1107 1798 pacto
1131 1721 1210 1780 iicet.

63 1821 143 1879 Nam
160 1821 192 1879 si
217 1841 286 1881 vera
309 1821 348 1880 sit
371 1823 469 1900 opinio
484 1823 666 1902 ,Hermnonh
685 1824 780 1882 iactos
803 1824 831 1882 in
854 1821 972 1884 fluvium
994 1823 1107 1884 cineres
1130 1835 1211 1904 puta·

61 1925 179 1994 bimus,
203 1934 357 2005 antequam
382 1946 485 1987 novum
509 1928 576 2006 quid
601 1927 652 1986 iila
674 1929 778 1988 muiier
799 1933 986 2008 experiatur3
1023 1931 1211 2008 nequeenim

62 2029 284 2106 conveniebat,
321 2040 427 2091 eventu
455 2031 620 2109 praesentis
652 2034 845 2111 experimenti
869 2053 927 2092 non
950 2034 1210 2111 exspectato,.ad

60 2136 146 2194 alind
170 2136 244 2194 artis
267 2135 400 2216 magicae
422 2137 597 2216 praesidinm
620 2159 652 2197 se
675 2149 866 2210 couvertere3
890 2138 941 2197 sed
967 2138 1090 2197 nondam
1115 2140 1210 2201 iactos

60 2260 133 2298 esse
158 2217 290 2300 declarat
311 2262 354 2302 ra.
382 2245 440 2302 105
465 2261 546 2320 aaa

406 2365 548 2444 corripuit
571 2365 703 2424 tremuiis
726 2365 833 2424 altaria
855 2363 977 2424 flarnmis

200 2471 313 2549 Sponte
336 2489 403 2540 sua,
427 2471 507 2528 dum
529 2469 635 2549 ferre
665 2490 810 2541 maror,
841 2470 942 2528 einis
964 2470 1034 2548 ipse.

63 2595 98 2653 Si
124 2612 184 2672 qua
205 2603 251 2650 est
282 2575 314 2651 in‘
339 2594 393 2652 hae·¹
423 2593 545 2671 stropha
576 2590 756 2663 difficultas,
786 2612 821 2651 ea
849 2613 906 2651 non
938 2560 1007 2651 taiis
1039 2600 1100 2663 est,
1134 2611 1209 2670 qnae

60 2697 200 2778 expediri
231 2705 366 2782 nequeat.
426 2697 495 2756 Cum
528 2707 645 2768 cetera,
680 2718 755 2777 quae
785 2706 905 2777 potest,
936 2699 990 2756 iam
1023 2697 1209 2776 temptaverit

60 2802 312 2884 pharmaceutria,
334 2791 419 2861 unum
433 2801 532 2871 iilud,
556 2821 614 2880 quo
638 2802 830 2881 adgrediatur
852 2801 1011 2880 Daphnim,
1034 2801 1086 2859 sibi
1108 2821 1207 2879 super·

60 2927 132 2968 esse
163 2905 251 2976 videt,
286 2905 368 2985 quod,
393 2906 562 2965 continetur
592 2926 635 2965 vs.
661 2910 718 2970 terr
746 2926 808 2984 sq.‚
841 2926 896 2984 spe
924 2906 1001 2963 omni
1034 2925 1125 2984 prope
1151 2907 1206 2965 ianr
1316 2935 1320 2941 -

61 3011 220 3092 deposita,
244 3019 403 3090 propterea
425 3010 501 3089 quod
526 3010 605 3068 nuiia
628 3011 770 3070 haetenus
791 3011 835 3069 rin
859 3011 991 3090 magica,
1015 3011 1123 3085 nulium
1146 3030 1208 3070 ear·

61 3137 130 3176 men
157 3136 194 3175 ex
219 3116 288 3195 urbe
310 3135 374 3174 enm
398 3115 551 3175 retrahere
575 3114 714 3193 potuerit.
759 3114 804 3172 ita
826 3114 851 3172 si
874 3114 946 3173 draeo
968 3115 1161 3186 intellexeris,
1178 3123 1208 3174 at

61 3221 218 3282 commode
241 3228 272 3279 et
293 3240 347 3279 suo
370 3220 437 3278 ioco
464 3219 542 3278 diota
564 3219 723 3299 apparebit.

156 3362 193 3421 G.
216 3364 246 3434 3,
271 3364 340 3420 ¹88.
387 3362 473 3446 Atqae
494 3362 564 3418 tneo
586 3363 643 3417 iam
663 3344 758 3435 primo
781 3360 907 3432 matus
935 3359 971 3415 nd
1001 3360 1208 3445 aderemntris

391 3465 515 3524 Audeat.

61 3593 205 3660 Gaudeat,
228 3608 308 3649 auam
332 3587 546 3657 coniecturam,
569 3586 668 3645 intulit
690 3585 881 3666 Ladewigius
904 3605 956 3664 pro
978 3584 1107 3644 'lectione
1123 3584 1206 3644 iiisro·¹

60 3703 128 3756 rum
154 3687 280 3753 Audeat·
324 3671 478 3752 Sententia
506 3677 750 3750 masinissam
777 3670 839 3748 est:
879 3689 1026 3760 „Primum
1055 3688 1207 3747 eximenda

62 3809 115 3864 est
137 3799 262 3858 formido
285 3797 364 3878 palin
388 3797 513 3877 equino;
538 3816 611 3876 ergo
635 3796 755 3877 primum
777 3796 872 3854 discat
893 3814 973 3854 arrian
989 3793 1097 3864 videre,
1120 3793 1205 3851 lituo·

63 3925 132 3967 rum
157 3923 258 3970 sanum
282 3903 351 3981 pati,
374 3900 453 3960 ferre
476 3910 581 3972 rotam,
604 3901 704 3960 audire
726 3899 828 3959 frenos
850 3906 1004 3970 sonantes,
1028 3906 1086 3956 tum
1112 3897 1206 3976 magis

61 4011 221 4091 magisque
244 4008 369 4068 sonitum
393 4006 515 4086 plausae
539 4005 659 4066 nervicis
683 4024 797 4075 ornare3
820 4012 909 4083 atque
932 4004 1003 4062 haee
1025 4002 1132 4061 audeat
1144 4001 1206 4095 sive

62 4116 135 4178 huie
158 4114 296 4172 audaciae
320 4112 494 4171 adsuescere
517 4111 636 4192 incipiat
657 4109 713 4168 iam
739 4102 816 4179 tum,
851 4108 896 4166 ubi
927 4107 961 4166 ab
980 4106 1078 4191 'pubere
1106 4106 1206 4164 matris

63 4219 208 4299 depulsus
231 4217 318 4294 erit.”
364 4215 626 4302 Quorsumigitur
649 4218 775 4272 Gaudent
801 4213 928 4292 optimae
960 4209 1078 4269 lectioni
1101 4209 1204 4268 substi-

65 4323 162 4386 tunsi¹
200 4321 270 4380 Nam
295 4321 323 4378 in
346 4340 382 4383 eo
406 4339 522 4400 quoque
544 4328 591 4378 est
612 4319 727 4400 signum
745 4317 869 4403 >aliquod
889 4315 1041 4384 audaciae,
1065 4313 1142 4393 quod
1164 4313 1204 4371 in·
