2842 4817
489 213 633 262 Lectiones
652 211 825 277 Vergilium
1192 207 1235 268 87

79 367 112 435 d,
135 386 170 442 c,
199 389 253 428 nec
283 366 438 448 praetcrea
468 368 638 431 vocabulum
672 368 756 425 turdo
787 367 864 445 apud
887 363 1065 445 Vergilium,
1099 365 1156 424 etsi
1187 385 1223 424 eo

19 487 20 552 }
78 471 150 530 sotis
172 475 273 533 crebro
297 495 368 534 usus
391 483 455 547 cst,
489 494 552 534 cum
584 473 691 553 plurali
724 493 842 532 numero
875 470 953 531 verbi
976 470 1118 551 iungitur.
1163 470 1224 529 Nec

19 553 21 596 ἰ
78 575 224 649 Thieiius‚
248 598 332 658 quem
357 587 504 659 tamquam
529 587 680 638 auctorem
705 576 837 637 revocati
861 575 983 654 piuroiis
1006 574 1108 633 iaudat
1130 574 1222 633 Lade-

78 680 202 761 wigius,
233 686 289 743 etsi
312 685 387 764 apud
411 691 546 744 comest
575 687 709 757 iaopaat,
742 682 858 741 verbnm
882 679 972 751 fecit,
1005 699 1062 758 quo
1086 680 1224 759 probaret

78 787 346 862 heracleoticum,
377 809 461 870 qoam
486 794 662 868 aspernatus
687 797 735 846 est
757 787 846 845 ctiam
868 786 1023 865 Hauptius.

161 921 233 981 rien.
263 927 310 993 tt,
335 924 405 982 193.
450 897 599 981 Hinc'oiii
613 922 712 993 cpolin
736 923 837 978 occisis
859 923 974 994 derepto
998 921 1105 978 intima

456 1030 616 1086 coniiciuat
636 1029 706 1101 ipat.

78 1160 167 1230 Hinc,
200 1158 280 1239 quod
302 1157 369 1218 mihi
391 1159 557 1218 sententiae
584 1157 663 1216 ratio
694 1156 844 1235 requirere
872 1154 1039 1228 videbatur,
1072 1163 1221 1216 servatum

78 1262 111 1320 ab
134 1261 280 1342 Hauptio‚
314 1262 504 1343 Lndewigius
535 1261 725 1321 commutavit
755 1279 820 1319 cum
848 1261 919 1331 Hic,
952 1280 1027 1340 quac
1056 1268 1103 1320 est
1132 1261 1221 1321 iectio

77 1366 207 1426 Medicci.
254 1366 393 1426 Cederem
416 1367 478 1446 ipse
502 1366 588 1424 innius
611 1365 722 1424 codicis
745 1352 931 1435 auctoritati,
967 1365 991 1423 si
1014 1363 1085 1423 mihi
1103 1365 1221 1427 satisfa-

77 1479 156 1530 ceret
179 1470 339 1551 explicatio
362 1491 381 1529 a
402 1470 577 1550 Ladewigio
602 1469 767 1550 proposita,
790 1469 840 1550 qui
863 1471 988 1527 animum
1011 1477 1128 1548 poetae,
1151 1480 1221 1530 ante

19 1577 20 1594 ¹
77 1585 171 1658 totum
194 1577 222 1636 in
247 1575 374 1656 imagine
396 1595 491 1636 rerum
516 1575 600 1634 modo
624 1562 827 1654 eapositarum
851 1583 1024 1654 occupatum
1036 1574 1048 1647 ‚'
1078 1595 1154 1635 nunc
1176 1595 1219 1638 re·

77 1690 170 1762 pente·
192 1701 268 1741 nova
296 1681 423 1762 imagine
460 1680 513 1740 sub
543 1680 675 1741 obtutum
709 1680 834 1738 cadente
870 1699 1038 1760 percussum
1071 1680 1217 1760 particula

78 1790 129 1847 Hic
162 1786 324 1869 significari
355 1787 406 1846 ait.
457 1786 504 1845 At·
527 1806 604 1865 quac
635 1785 751 1844 tandem
781 1805 833 1864 rcs¹
864 1787 907 1844 ita
939 1785 1059 1845 afficere
1095 1787 1218 1845 animum

76 1897 181 1970 poetae
210 1891 328 1970 potuiti
361 1891 438 1971 quod
474 1891 570 1972 spolia
597 1891 711 1950 Latinis
745 1891 867 1971 derepta
897 1890 925 1948 in
955 1911 1061 1972 rogum
1088 1892 1218 1950 coniece-

19 2035 20 2038 ,
76 1996 161 2054 ronti
186 1977 226 2054 id
256 2015 325 2056 vero
359 2015 412 2056 nec
435 2015 540 2057 novum
563 1995 656 2062 fuisse
680 2003 768 2075 poeta
790 1993 905 2076 prodit,
935 2015 988 2055 nec
1023 2005 1069 2055 est
1098 1997 1215 2055 omnino

77 2099 151 2171 talc,
175 2099 252 2179 quod
275 2100 398 2158 animum
423 2097 621 2161 veliementius
646 2119 763 2158 movere
786 2099 918 2178 potuisse
941 2100 1101 2200 videatur..

152 2222 234 2288 Aen.
261 2225 309 2294 ii,
333 2224 407 2283 236.
454 2224 508 2280 om
530 2221 703 2293 cocceam,
726 2218 877 2301 fluuntque
900 2224 940 2279 cd
960 2226 1043 2299 cepio
1062 2225 1152 2297 plenia

452 2328 533 2384 Tecto
554 2330 615 2384 ciis.

76 2469 159 2518 raam
179 2458 327 2518 Mcdiccus
350 2476 413 2517 cum
437 2458 547 2538 paucis,
572 2457 648 2536 quod
671 2456 1052 2538 revocaruntLadewigius
1075 2459 1215 2539 etiloup·

19 2601 20 2618 2
76 2563 145 2636 tius3
183 2581 242 2644 ego
270 2561 555 2640 cumsuperioribus
579 2561 739 2620 editoribus
758 2560 958 2633 daart‘edidi.
1014 2561 1162 2642 Negarem
1186 2564 1214 2622 in

77 2667 155 2726 Varr.
188 2668 284 2726 Lectt.
316 2666 432 2729 uerbum
462 2684 547 2724 ruere
577 2667 650 2725 satis
684 2666 840 2727 convenire
875 2666 1018 2746 gravitati
1055 2667 1215 2747 principum

75 2773 215 2844 uirorom3
239 2772 431 2852 Ladewigius
455 2752 568 2830 tantam
591 2769 749 2832 aitfuisse
772 2773 966 2851 agitationem
988 2773 1159 2842 animorum,
1182 2780 1216 2832 ut

74 2875 264 2936 festinatione
285 2877 329 2935 iiii
353 2865 476 2935 utantur
497 2895 598 2953 parum
620 2875 742 2948 decora3
771 2876 828 2934 erit
850 2877 945 2956 igitur
966 2884 1075 2955 poeta
1096 2877 1213 2955 cuipao·

73 2981 134 3053 dus,
157 2981 234 3060 quod
251 2981 366 3042 decoris
384 2983 492 3043 oblitos
515 2983 597 3042 fecit.
644 2981 730 3046 Quod
754 2989 896 3059 exputare
917 3002 974 3040 non
992 3002 1121 3060 possum,
1145 2983 1213 3062 quid

73 3075 200 3165 Hduptio
229 3103 341 3162 ‘causac
370 3085 462 3146 fucrit
492 3087 646 3146 mutandae
677 3087 820 3165 pristinae
859 3086 1009 3157 iectionis,
1052 3105 1212 3145 succenseo

19 3145 21 3176 ι
74 3212 152 3251 meae
177 3191 221 3250 vei
245 3175 423 3271 ingeniive!
448 3194 599 3253 doctrinae
623 3192 827 3252 mediocritati.
873 3191 1097 3251 Verumtamen
1125 3193 1211 3259 veiim

72 3295 239 3356 consideres
262 3316 389 3368 mecum,
421 3297 564 3375 optime
593 3292 794 3367 Anthoni,'
819 3296 947 3355 colorem
982 3297 1067 3354 huius
1097 3316 1210 3357 versus.

72 3401 196 3460 Primum
215 3400 291 3459 iilud
314 3403 368 3459 ott·
390 3409 510 3460 cerostat
534 3402 562 3459 in
585 3400 699 3480 placida
724 3401 860 3458 oratione
881 3401 963 3478 poni,
994 3411 1053 3459 tum
1077 3401 1142 3480 quid
1165 3410 1211 3459 est

72 3506 200 3564 sedatius
223 3505 267 3563 iris
291 3506 416 3565 numeris
441 3509 494 3564 out
516 3524 688 3576 cocceam,
713 3487 915 3584 quid'tordius
938 3505 1002 3583 ipso
1026 3506 1113 3566 verbo
1132 3506 1209 3565 coa·
1255 3526 1257 3529 ·

70 3609 200 3668 caneret
232 3609 304 3669 talia
334 3610 410 3689 apud
435 3611 594 3692 Vergilium
626 3612 722 3669 iocum
752 3630 808 3668 noo
839 3610 963 3682 habent,
1003 3609 1056 3670 nisi
1082 3612 1110 3669 in
1134 3621 1210 3671 tran·
1255 3602 1257 3605 ’

19 3745 20 3748 “
71 3715 167 3794 quillis
190 3716 292 3787 rebus3
316 3725 348 3776 at
370 3716 449 3788 vide‚'
469 3736 554 3796 qoam
580 3717 652 3782 iaec
674 3716 741 3774 soie
764 3716 940 3775 conveniant
961 3716 1099 3796 dignitati
1124 3717 1210 3776 istius

70 3819 194 3891 concilii,
220 3840 304 3899 quam
318 3829 423 3881 contra
445 3823 603 3882 abhorreat
625 3824 660 3882 ab
683 3842 719 3881 ea
741 3841 774 3880 re
797 3822 912 3883 verbum
935 3832 1028 3892 mont,
1053 3822 1157 3882 nimiae
1180 3833 1211 3883 et

70 3924 263 3984 Romanorum
287 3925 393 3984 iudicio
415 3947 505 4005 prope
529 3927 644 3988 servilis
666 3926 867 3987 festinationis
891 3927 1041 4009 iodicium3
1070 3922 1102 3985 at
1121 3929 1212 4000 linunt

71 4019 270 4108 praeterquam
295 4030 371 4108 quod
390 4029 459 4089 nihii
477 4031 574 4103 habet,
598 4033 675 4112 quod
689 4031 831 4103 offendat,
856 4042 953 4111 aptum
972 4040 1064 4091 estet
1082 4052 1208 4112 magno

70 4131 213 4204 concilio,
243 4134 330 4213 quale
352 4155 395 4195 vs.
422 4138 488 4200 234
506 4136 627 4207 dicitur,
651 4145 681 4195 et
702 4137 835 4215 plenis
858 4137 949 4209 viis,
973 4157 1024 4215 per
1047 4114 1119 4216 quas
1142 4155 1208 4195 con·

69 4236 169 4297 fluunt.
213 4222 345 4318 Denique
375 4259 502 4299 causam*
522 4241 750 4322 corrumpendae
781 4229 918 4301 iectionis
948 4242 978 4321 in
1002 4241 1086 4303 Vorr.
1110 4242 1227 4305 uecta·

69 4342 247 4408 monstravi(
