2842 4817
212 213 257 272 31
618 214 737 281 l‘bllippi
754 216 891 281 Wagurri

296 368 368 426 Aen.
393 371 422 440 ll,
447 371 497 427 21.
543 371 659 449 Sequor
680 375 775 430 omina
798 382 885 430 tusto.

210 477 317 547 Sequor
347 474 556 555 Lsdewigius,
594 480 714 551 Sequor,
757 478 834 556 quod
864 497 923 558 ego
954 476 1092 556 probavi,
1129 476 1233 555 probat
1263 478 1356 536 ctiam

211 580 364 660 llauptius.
408 585 517 657 Seqnm
539 584 563 642 si
584 584 709 643 dixisset
731 585 873 656 Turnus,
904 585 933 643 id
963 604 996 643 sc
1024 583 1181 662 aliquando
1204 583 1356 642 iacturum

208 685 407 766 signiticaretq
438 706 514 747 nune
541 687 584 759 id,
615 689 691 767 qnod
722 689 775 746 lris
798 689 900 759 iussit,
933 690 1032 748 stati·
1055 689 1239 768 exsequitur3
1262 697 1358 769 atque

209 792 264 850 boc
286 812 338 870 per
360 793 505 852 Praesens
527 812 627 868 sequor
650 794 862 873 quodammodo
886 795 1037 874 praecipit.

294 897 366 956 Aen.
391 900 420 968 9,
447 899 507 957 150
530 917 574 977 sq.
839 902 978 958 Tenebras
999 910 1026 957 et
1046 902 1150 955 mortio
1169 901 1249 970 sart·

597 1003 738 1080 [Palladii
757 1004 852 1062 cresis
875 1023 1003 1063 summae
1025 1003 1197 1062 custodibus
1218 1001 1316 1084 areis]

599 1111 638 1166 Νι
657 1113 783 1179 timeum,
805 1127 857 1166 nec
879 1113 943 1184 eqni
965 1129 1053 1166 cneco
1068 1112 1222 1166 condemur
1234 1113 1264 1165 ιί
1277 1111 1355 1169 aloe.

206 1213 307 1292 Negat
329 1213 532 1271 anbmanuns
554 1213 591 1271 sd
616 1213 734 1273 Lueret.
758 1215 789 1284 b,
815 1216 898 1273 ¹006
928 1213 1104 1293 cripiendum
1129 1233 1194 1272 esse
1218 1212 1356 1294 Vergilio

207 1317 278 1376 illnd
303 1320 437 1389 Palladit,
470 1317 593 1376 formam
624 1319 739 1378 scilicet
768 1319 861 1378 solam
892 1319 1025 1379 vocabuli
1053 1319 1260 1389 considerans,
1292 1339 1356 1377 non

205 1425 378 1483 sententiam
402 1423 586 1502 babitnmque
610 1424 694 1482 buius
717 1425 876 1494 orationis3
913 1443 966 1483 nec
988 1425 1061 1503 eripi
1087 1443 1191 1502 passus
1220 1433 1268 1482 est
1297 1424 1356 1482 La·

205 1528 361 1609 dewigius.
407 1527 499 1586 lieete
516 1527 660 1606 llanptiur
684 1547 800 1608 qnoque
822 1530 899 1588 bunc
921 1548 1047 1599 versum,
1068 1537 1101 1586 ut
1115 1528 1264 1608 iudignum
1282 1528 1357 1586 Ver-

206 1634 295 1714 gilio,
317 1633 400 1691 uncis
424 1632 550 1692 inclusit.
598 1632 627 1689 ld
647 1632 752 1705 refert,
775 1634 842 1712 quid
871 1634 986 1692 tortose
1009 1634 1111 1692 timere
1133 1633 1260 1691 Troiani
1282 1653 1355 1712 pos-

206 1740 280 1798 rintl
325 1738 470 1796 Poterant
492 1745 588 1795 autem
612 1736 714 1795 timere
738 1737 906 1796 tenebras
929 1745 965 1796 et
988 1737 1119 1795 inertia
1146 1735 1259 1806 furta,
1290 1757 1354 1794 ooo

206 1853 343 1924 poterant
366 1844 468 1900 timere
491 1851 604 1920 raptum
631 1840 755 1920 aliquem
772 1841 897 1900 Palladii
914 1843 1069 1900 oaedemve
1084 1841 1237 1899 custodum
1253 1842 1354 1912 arcis3

206 1969 259 2008 uec
282 1947 445 2006 Palladium
468 1954 532 2005 erat
560 1963 613 2004 nee
640 1965 694 2004 arx
723 1947 753 2004 iu
783 1947 889 2005 castris
911 1947 1122 2005 Troianorum.
1179 1946 1250 2004 Cum
1280 1964 1353 2004 con·

205 2061 317 2132 temptn
346 2072 363 2111 a
393 2052 499 2110 Turno
530 2053 750 2110 commemorari
781 2052 823 2110 ait
853 2053 1043 2133 hadewigius
1071 2071 1123 2122 ea,
1162 2071 1236 2130 quae
1263 2050 1354 2110 vafre

204 2155 330 2216 feceriut
352 2155 458 2214 Graeci
482 2155 518 2214 ad
540 2156 707 2234 capiendum
732 2156 866 2215 Troiam.
912 2157 1047 2215 Audirem
1069 2156 1211 2226 fortasse,
1233 2155 1354 2234 siquid

205 2262 297 2323 simile
319 2261 446 2341 cogitari
471 2269 587 2340 posset,
610 2263 692 2320 cuins
715 2263 815 2321 utendi
837 2263 960 2333 Turno,
983 2263 1008 2320 si
1030 2262 1191 2331 voluisset,
1220 2261 1353 2320 facultas
1412 2264 1413 2339 J

203 2367 321 2427 fuisset.
366 2365 449 2424 Nune
472 2385 530 2444 ego
554 2365 624 2424 nibil
646 2367 693 2425 bic
715 2366 801 2427 video
832 2367 886 2426 nisi
914 2368 1066 2427 verborum
1097 2367 1274 2437 venitatem,
1309 2366 1352 2424 in·
1412 2352 1413 2369 ¹

203 2473 293 2555 genio
316 2472 413 2530 Turni
436 2471 595 2550 indiguam.
651 2471 753 2530 Totus
782 2471 846 2530 eins
878 2473 991 2530 animus
1022 2490 1125 2530 versus
1155 2480 1202 2530 ιιι
1231 2471 1268 2530 od
1298 2492 1352 2551 op-

205 2575 363 2658 pugnanda
386 2575 552 2654 propediem
575 2582 688 2648 eartra3
723 2595 741 2634 a
765 2595 822 2655 qua
849 2596 881 2636 re
908 2577 1006 2635 aliena
1035 2586 1082 2635 est
1109 2577 1351 2635 commemoratio

204 2681 345 2743 eiusmodi
368 2682 489 2751 artium,
518 2681 620 2760 qualos
644 2683 672 2740 in
695 2681 773 2741 bello
796 2681 845 2739 din
867 2691 963 2740 tracto
987 2681 1081 2740 locum
1106 2681 1222 2740 babent.
1268 2681 1351 2741 Tum

203 2789 268 2850 vide
291 2787 375 2858 mibi,
408 2786 587 2857 bothoni,
617 2785 729 2846 elumbe
757 2786 828 2845 illud
859 2787 1085 2845 additamentum
1108 2790 1197 2844 eaesis
1224 2804 1354 2844 ιιιιιιιιι

204 2895 360 2955 custodibus
389 2895 480 2960 oreis,
514 2891 597 2970 quasi
626 2891 681 2950 boo
712 2891 749 2950 ad
775 2911 912 2949 summam
943 2911 1002 2949 rem
1026 2890 1180 2970 quidquam
1209 2891 1352 2969 ponderis

204 3002 259 3059 boe
282 2999 349 3056 loco
379 2995 510 3054 baberet.
568 2994 649 3055 Unde
678 2995 797 3055 effictus
827 3003 879 3055 aut
908 2997 1006 3076 potius
1037 2995 1200 3055 translatus
1229 2996 1271 3053 sit
1301 2995 1352 3053 bic
1409 3052 1410 3061 ,

204 3123 318 3174 versus,
341 3100 444 3159 dudum
468 3101 697 3168 animadversum
723 3110 770 3160 est
792 3122 811 3159 a
833 3101 957 3172 criticis,
981 3119 1034 3159 nec
1056 3119 1146 3159 eausa
1168 3098 1282 3158 fraudis
1299 3100 1350 3158 ob-

204 3228 291 3270 seura
314 3215 369 3266 est.
415 3206 485 3264 Cum
510 3205 583 3264 enim
608 3214 764 3285 quaereret
786 3207 906 3286 aliquis,
940 3225 1014 3285 quae
1037 3213 1137 3264 essent
1158 3224 1194 3264 ea
1225 3205 1349 3282 turta,

203 3313 292 3374 facile
315 3312 342 3368 in
366 3309 530 3368 memoriam
554 3310 680 3369 Palladii
704 3311 798 3389 rupti,
830 3311 865 3369 ab
893 3311 956 3389 ipso
986 3316 1074 3388 poeta
1096 3309 1155 3367 alio
1178 3309 1245 3369 loco
1270 3332 1349 3373 eom·

204 3417 354 3481 memorati
377 3415 472 3474 redire
495 3415 600 3494 putuit.
645 3416 684 3474 At
706 3415 776 3474 illae
799 3415 951 3485 tenebrae,
984 3414 1036 3473 illa
1066 3413 1148 3473 furta
1177 3434 1252 3494 quae
1276 3421 1350 3494 sint,

205 3526 266 3604 ipse
290 3519 398 3578 indicat
421 3529 522 3597 poeta,
548 3527 660 3578 noctem
684 3521 762 3579 illam
788 3521 902 3579 Troiae
930 3538 1092 3598 supremam
1121 3538 1284 3600 equumque
1316 3525 1350 3583 li·
1407 3500 1408 3591 l

206 3645 311 3709 gneum
341 3623 368 3682 in
400 3622 495 3681 urbem
525 3634 650 3683 tractum
678 3624 865 3707 significans3
900 3625 977 3704 quod
1000 3633 1032 3683 ιιι
1054 3624 1171 3684 facilius
1193 3641 1351 3707 appareat,

204 3729 375 3799 semicolon,
400 3729 475 3807 quod
500 3749 653 3807 posueram
679 3741 747 3809 post
769 3736 891 3802 timeant,
914 3731 1088 3790 commutavi
1112 3742 1349 3794 comsummata.

205 3838 254 3897 Sic
279 3833 462 3913 expugnatio
486 3833 600 3894 Troiae
623 3855 685 3895 eum
711 3837 932 3917 expugnatione
960 3844 1122 3894 castrorum
1146 3847 1349 3916 eomparatur.

204 3941 302 4020 Ergo,
334 3936 411 4016 qnod
439 3956 498 4017 ego
526 3939 634 4018 aliique
664 3941 789 4001 diximus
818 3940 977 4021 Vergilium
1005 3939 1102 3999 forna
1129 3941 1186 4000 ista
1213 3945 1349 4022 genetivi

205 4042 391 4112 abstinuisse,
415 4059 450 4100 ne
473 4042 528 4101 boc
552 4045 665 4123 quidem
690 4046 757 4106 loco
780 4045 936 4106 refellitur.
981 4045 1026 4104 lle
1041 4063 1116 4116 uno,
1140 4047 1216 4124 quod
1239 4055 1350 4121 restat,

204 4147 338 4226 exemplo
360 4147 426 4206 vide
450 4165 525 4225 quae
547 4150 716 4229 scripsimus
738 4153 774 4211 ad
798 4153 846 4223 lll,
869 4152 942 4209 702.

289 4251 361 4309 Aen.
386 4252 416 4321 9,
439 4253 512 4310 226.
555 4257 692 4312 Ductores
717 4259 849 4314 Teucrum
870 4257 974 4327 primi,
996 4256 1103 4311 delectu
1124 4258 1257 4313 ιἰιιιιιιιι.

204 4367 232 4413 ιι
252 4357 357 4412 delectu
379 4357 398 4410 i.
422 4354 575 4415 ediderunt
598 4357 768 4429 l'uldanrns,
796 4359 1002 4438 Ladewigius,
1033 4357 1188 4436 llauptius.
1246 4360 1353 4436 Recte,
