2842 4817
464 226 607 275 [sectiones
626 225 810 291 Vergilianus.
1164 230 1203 288 51

69 378 100 432 Ει
123 376 265 435 omittunt
286 376 480 457 Lodewigius
502 385 532 435 et
556 377 709 455 bluuptiur.
756 378 814 436 Sed
837 379 913 437 unde
932 380 960 437 id
983 400 1001 439 o
1023 381 1149 441 librariis
1171 383 1202 440 il·

67 479 174 537 latone
206 478 335 538 fortusse
358 500 375 539 e
398 481 429 551 o,
454 480 514 539 186
545 490 607 550 „et
634 481 678 537 sic
710 479 791 540 forte
823 484 984 560 precntor’'
1014 486 1117 564 (utque
1146 488 1201 545 boc

64 588 135 653 sorte
159 603 194 641 cx
219 602 254 641 eo
277 583 344 643 loco
367 585 422 643 buc
445 585 474 642 in
497 584 656 664 marginem
681 584 772 664 ipsius
794 586 918 645 Medicei
942 587 1131 667 immigrovit)
1155 592 1200 650 vel

67 706 80 743 e
104 690 156 758 tll,
179 690 241 746 784
265 696 326 757 „et
356 706 480 767 superos
503 687 619 749 Arruns,
646 688 688 746 sio
718 708 790 749 uoce
820 692 987 767 precntur”.
1040 693 1113 751 Esto
1137 695 1202 753 binc

67 790 207 849 invectum
230 810 314 862 esse3
338 791 406 869 quid
429 790 495 849 iude
518 792 668 869 sequiturl
692 812 794 871 nempe
817 793 898 863 illud,
920 803 1001 853 recte
1024 816 1069 854 me
1091 798 1200 877 uliquo·

68 894 118 952 lios
143 916 162 952 ιι
184 896 314 954 Mediceo
339 895 407 954 olim
435 895 628 965 dissensisse,
651 914 715 954 cunr
738 896 904 957 existimavi
934 900 1071 977 quusdoor
1102 902 1201 961 lectio·

70 1004 134 1069 nes,
167 1008 235 1078 post
257 1018 275 1057 ιι
298 998 472 1079 ludewigio
496 998 620 1077 ullisque
643 1009 798 1078 receptus,
833 1001 862 1057 in
884 1002 960 1059 bunc
982 1004 1110 1062 codicem
1133 1005 1201 1064 irre·

69 1104 170 1180 psisse,
193 1104 258 1162 dum
283 1102 427 1175 librarius,
451 1103 501 1181 qui
524 1122 588 1161 eum
611 1105 763 1173 exoravit,
795 1103 918 1163 eliorum
943 1106 1073 1165 locorum
1097 1129 1200 1167 memo·

69 1209 106 1267 rin
129 1209 223 1287 decipi
249 1228 282 1267 se
305 1227 409 1286 possus
430 1215 486 1267 est.
532 1208 615 1266 Nunc
638 1216 734 1266 temen
764 1209 952 1268 consentiens
983 1214 1146 1271 auctoritas
1170 1214 1200 1271 li·

69 1318 181 1376 brorum
204 1338 272 1375 mss.
298 1323 510 1394 praetereoque
532 1314 638 1394 Aspri,
670 1316 845 1393 antiquioris
872 1316 975 1387 testis,
1005 1326 1036 1375 et
1058 1318 1202 1378 Prisciani

68 1420 136 1481 fides
160 1421 316 1501 prohibent
338 1440 381 1479 me
404 1440 422 1478 o
445 1425 553 1478 conutu
579 1421 733 1478 mutnndsc
756 1420 906 1491 lectionis3
936 1441 1107 1500 quomquom
1130 1424 1201 1483 illud

68 1525 196 1607 longior,
226 1547 292 1586 esse
313 1532 480 1605 praetereo,
510 1525 587 1601 quod
611 1525 683 1581 lrooc
705 1523 795 1583 verbo
818 1524 964 1604 legentem
994 1527 1069 1585 mole
1097 1529 1201 1589 bebere

70 1634 179 1711 possit,
210 1634 268 1691 duo
292 1631 445 1712 portieipiu
467 1629 532 1688 dico
557 1626 636 1685 ιιιιΙΙιι
659 1625 766 1704 copulo
787 1629 953 1688 coniuncto.
998 1631 1074 1697 uum
1099 1634 1200 1713 igitur,

69 1738 89 1795 si
110 1746 202 1818 poeto
225 1737 376 1815 scripserit
400 1754 457 1793 non
480 1743 619 1807 torquens,
642 1731 693 1789 sed
709 1734 889 1807 torquetque?
911 1735 988 1812 quod
1011 1744 1095 1796 uetus
1118 1736 1200 1795 libro·

69 1842 134 1911 rius,
159 1842 226 1899 dum
248 1839 335 1910 illud,
358 1839 434 1918 quod
457 1836 606 1915 sequitur,
629 1838 798 1908 suspiciens,
828 1837 923 1895 oculis
945 1858 980 1897 oe
1002 1847 1098 1898 niente
1120 1862 1201 1918 proc·

68 1946 151 2023 cepit,
175 1943 265 2002 facilc
286 1944 315 2001 in
338 1953 467 2015 torquens
489 1947 661 1998 convertere
685 1938 790 2015 potuit.
836 1940 885 2011 At,
909 1940 1037 2019 inquies,
1071 1946 1113 2003 sic
1136 1948 1201 2005 diri-

69 2057 182 2108 muntur
208 2048 259 2107 ille
281 2050 438 2120 suspiciens
467 2046 552 2102 ubam
574 2045 682 2101 Lunum
709 2041 744 2101 ub
771 2043 823 2113 iis,
849 2044 1022 2123 'quibuscum
1052 2068 1088 2106 en
1120 2051 1200 2132 iungi

69 2161 201 2232 oportet,
231 2157 273 2210 sic
295 2159 532 2223 recepissemus,
565 2166 629 2205 num
653 2157 791 2225 precetur
813 2147 949 2207 Lunum.
1004 2150 1107 2210 b'crum
1137 2175 1199 2214 cum

68 2268 229 2335 utrumque,
253 2265 284 2315 et
306 2264 445 2333 torquere
468 2251 556 2311 telum
580 2259 611 2309 et
632 2250 744 2310 Lunum
768 2253 890 2329 preeuri,
914 2254 1040 2311 eiusdem
1063 2263 1202 2338 temporis

69 2361 120 2432 sit,
143 2360 213 2419 nibil
238 2358 341 2428 refert,
364 2376 427 2415 cum
451 2362 518 2412 utro
542 2354 599 2413 istu
622 2353 806 2432 copulentur.

152 2466 224 2524 Aen.
249 2467 279 2534 o,
302 2462 374 2521 486.
667 2476 722 2515 sec
742 2467 773 2515 te
796 2466 847 2515 tue
869 2457 973 2517 funere
994 2474 1085 2519 moles

418 2564 542 2620 l’roduos'
560 2566 683 2636 pressive
704 2564 798 2619 oculos
819 2572 869 2620 out
888 2565 1004 2621 wloeru
1025 2548 1090 2640 loci,

426 2666 503 2723 Veste
523 2675 624 2739 tepens.

69 2795 137 2844 „mec
160 2786 203 2846 ee,
232 2784 279 2831 eun
298 2776 403 2845 [onero
425 2778 515 2826 muter
542 2769 618 2827 Veste
639 2765 756 2842 leysos,
789 2768 831 2825 sie
861 2766 936 2847 legit
965 2768 1203 2855 interpungitque

69 2878 257 2957 Lodewigius
281 2883 501 2955 praetereoque,
534 2881 567 2931 ut
590 2871 660 2930 illud
681 2878 785 2945 [umero
808 2890 872 2929 cum
891 2871 985 2931 uerbis
1013 2876 1089 2933 Veste
1109 2889 1203 2953 tepens

69 2981 206 3059 coniungi
230 2987 342 3058 posset,
364 2995 497 3045 versum,
522 2976 569 3053 qui
593 2984 639 3034 est
661 2976 690 3034 in
713 2975 820 3034 ceteris
842 2974 1017 3034 editionibus
1039 2982 1113 3050 487,
1144 2985 1202 3041 col.

68 3085 175 3146 lineavit
198 3093 266 3163 post
288 3104 402 3143 versum
427 3087 499 3154 489,
523 3087 666 3141 commate
689 3089 757 3157 post
786 3081 870 3135 anilis
897 3080 1006 3157 posito.
1059 3084 1202 3162 lluuptius

65 3197 181 3261 sonere,
204 3195 237 3247 ut
258 3208 327 3268 ego.
380 3188 451 3245 mini
474 3186 587 3265 quidem
610 3183 725 3241 videtur
746 3181 938 3261 Lodewigius
966 3204 1018 3261 pro
1048 3204 1104 3244 ιιιιιι
1126 3190 1201 3249 difli-

66 3294 176 3352 coltute
200 3292 322 3352 ulturum
346 3291 543 3360 substituisse,
566 3294 617 3346 out
639 3286 816 3365 probandum
840 3284 867 3342 ei
888 3282 946 3342 fuit
965 3290 1071 3359 [suero
1093 3292 1128 3349 de
1144 3312 1201 3352 uno

67 3398 208 3458 coduvcre
229 3396 285 3454 dici
309 3414 326 3453 u
349 3394 479 3473 probetis
507 3390 684 3451 auctoribus.
738 3389 796 3447 Sed
827 3407 885 3466 ego
917 3406 991 3446 nunc
1017 3410 1054 3450 eo
1082 3394 1200 3468 inclino,

68 3513 98 3560 nt
122 3503 186 3580 ipse
208 3519 319 3559 servem
343 3497 496 3555 lectionem
525 3493 669 3554 inservio
693 3492 830 3569 librisque
854 3510 921 3548 mss.
946 3493 1077 3552 omnibus
1098 3512 1200 3577 propa.

67 3614 169 3684 getom
189 3607 305 3676 summo.
349 3601 411 3658 Cur
426 3599 510 3669 euim,
531 3598 577 3656 cui
601 3600 691 3658 toties
714 3598 839 3667 fidimus,
862 3598 965 3658 Seruio
988 3599 1043 3670 bic,
1067 3602 1094 3659 io
1118 3613 1202 3664 tuoto

65 3710 105 3767 rei
130 3707 325 3773 obscuritate,
355 3702 439 3761 fidem
463 3702 660 3782 derogemusl
704 3701 808 3779 „Apud
831 3700 974 3771 maiores,
997 3704 1039 3761 eit
1062 3705 1129 3776 ille,
1152 3707 1200 3765 fu·

67 3832 171 3871 noras
194 3810 327 3869 dicebant
350 3826 411 3876 eos,
434 3807 470 3864 ud
486 3824 558 3885 ques
572 3805 660 3864 funus
675 3805 812 3882 pertinet,
836 3811 869 3860 ut
881 3823 1023 3876 sororem,
1047 3812 1200 3882 mutrem'';

67 3917 209 3994 aliusque,
231 3921 264 3971 ut
286 3911 410 3981 videtur,
434 3910 641 3990 grammaticus
663 3908 744 3967 addit
767 3910 854 3965 etiem
870 3907 1096 3987 originationem
1110 3924 1202 3971 recte-

66 4038 122 4097 que
147 4038 164 4077 u
187 4015 328 4077 vocobulo
349 4020 433 4088 [unus
455 4012 519 4073 fieri
539 4018 660 4086 sonmo,
683 4012 761 4092 quod
784 4020 830 4070 est
854 4011 962 4089 primue
986 4012 1200 4087 declinationis,

67 4124 171 4201 probet
185 4122 284 4181 Pluuti
305 4118 450 4196 exemplo,
473 4118 549 4198 epod
570 4138 653 4197 quem
675 4125 722 4175 est
740 4117 870 4184 scelerum,
892 4114 1037 4174 ductumn
1059 4120 1201 4178 vocabulo

66 4228 163 4285 scelos.
213 4226 346 4283 lllustrut
375 4230 470 4279 eutem
502 4222 574 4280 idem
597 4221 718 4281 Servius
745 4218 1009 4299 significationem,
1045 4240 1129 4299 quun
1153 4225 1202 4281 tri·

66 4330 128 4388 buit
152 4330 215 4389 lmic
238 4328 322 4397 voci,
344 4326 564 4404 compotatione
586 4325 749 4404 proelicoe3
774 4345 837 4383 nom
862 4321 1024 4403 preeficoe,
1048 4330 1107 4395 uit,
1133 4340 1203 4387 sunt

922 4430 939 4484 4
952 4428 965 4456 8
