2842 4817
173 210 195 269 4
615 206 735 286 l‘bilippi
753 207 889 273 Wagneri

173 363 347 422 detrimento
370 362 504 422 veritatis
526 360 637 422 factum
660 381 727 423 esse
749 362 806 421 etsi
836 381 894 421 non
917 359 1083 433 dissimulo,
1115 368 1211 420 mmen
1240 359 1318 439 apud

174 468 367 527 modestiores
390 467 520 526 bomiues
544 486 658 546 semper
678 466 799 551 multu·
822 465 931 527 valebit
952 466 1086 525 iudicium
1109 484 1220 535 eornm,
1243 482 1320 544 quos

172 592 265 653 aeque
288 572 438 632 doctrinae
460 578 550 650 atque
572 571 684 652 ingenii
710 571 797 631 laude
830 568 937 631 llorere
967 570 1109 630 norimus.
1155 568 1260 627 Veron
1281 587 1319 626 ea

170 698 219 738 res
241 678 307 757 plus
329 676 417 743 semel
442 676 598 735 sollicitum
622 695 666 735 me
689 675 803 747 babuit,
836 675 912 755 qnod
936 675 1027 756 louge
1049 673 1235 753 praetulerim
1259 674 1318 732 ubi·

172 802 227 861 que
250 782 420 862 conspirare
441 801 503 841 cum
527 781 642 839 bomine
665 780 953 860 intelligentissimo,
983 799 1068 858 quam
1101 778 1259 859 aliquoties
1281 778 1317 837 ab

172 908 208 947 eo
232 888 403 960 dissentire,
426 906 599 967 quamquam
621 886 649 944 id
672 884 805 945 iortame
828 887 923 945 rarius
946 885 1120 956 accidisset,
1143 885 1168 944 si
1191 904 1249 945 non
1272 904 1316 943 ro·

172 994 268 1052 tiones
291 1012 360 1051 suas
382 991 434 1051 Vir
455 992 608 1053 uerborum
631 991 819 1071 parcissimus
840 997 961 1072 pectore
974 990 1092 1049 clausas
1107 998 1207 1049 tenere
1223 989 1318 1062 malit,

173 1116 257 1176 quam
280 1095 364 1156 foros
387 1096 483 1155 edere.
529 1095 615 1161 (laod
638 1095 729 1154 sicubi
753 1096 814 1155 veri
840 1095 1029 1177 ignoratione
1058 1095 1085 1153 in
1108 1114 1226 1154 errores
1248 1093 1319 1152 inci·

172 1203 253 1273 dero,
276 1208 367 1273 certe,
393 1220 450 1280 qua
473 1210 519 1259 est
541 1200 733 1272 humanitate,
755 1220 854 1261 verum
877 1200 1010 1260 studiose
1033 1219 1077 1259 me
1100 1199 1251 1278 quaesisse
1272 1197 1318 1257 fa·

173 1308 228 1366 cile
250 1306 408 1379 concedct3
432 1305 476 1365 siu
500 1306 570 1377 crit,
593 1339 635 1350 -
660 1326 723 1365 nom
748 1306 813 1385 quis
837 1313 884 1365 est
906 1305 941 1365 ab
964 1305 1040 1365 omni
1062 1324 1163 1363 errore
1185 1299 1319 1365 vacuus?

172 1444 213 1455 -—
237 1419 269 1469 ut
292 1430 350 1491 ego
381 1412 491 1469 rectius
525 1410 593 1490 quid
625 1410 763 1481 viderim,
797 1408 876 1469 feret
906 1409 1117 1469 dissensionem
1146 1428 1237 1468 meam
1263 1407 1318 1468 illo

90 1570 91 1573 ,
173 1516 286 1587 tunimo,
310 1534 367 1596 quo
391 1534 477 1576 socer
500 1516 578 1588 eius,
611 1516 656 1575 sir
678 1515 850 1575 immortalis
873 1516 1046 1587 memoriae,
1080 1514 1319 1574 Godofredus

173 1621 414 1691 llermauuus,
435 1620 482 1691 rel
505 1640 524 1689 a
545 1619 697 1699 discipulis
719 1620 783 1679 suis
806 1640 839 1684 se
861 1621 974 1701 corrigi
996 1619 1171 1700 patiebatur.

259 1725 358 1792 Facile
382 1733 428 1796 est
450 1724 520 1792 illud
544 1743 640 1805 genus
663 1724 799 1797 critices,
829 1725 908 1804 qnod
936 1724 1000 1787 fere
1022 1744 1059 1784 cx
1083 1743 1155 1783 nno
1178 1724 1320 1804 antiquis·

173 1831 246 1901 simo
270 1830 343 1889 libro
368 1829 484 1909 pendet.
529 1830 586 1900 (lui
610 1831 640 1889 in
662 1830 794 1910 Vergilio
824 1831 955 1897 criticam
978 1838 1069 1889 artem
1093 1828 1247 1902 factitant,
1280 1830 1319 1890 iis

172 1956 230 1998 noa
251 1935 321 2005 licet
342 1936 386 2005 ita
407 1935 494 2014 plana
517 1944 606 2015 atquc
628 1936 767 2015 expedita
780 1936 828 1998 via
844 1935 1012 2015 procedere.
1046 1934 1318 2014 Quanquumenim

171 2040 302 2119 plerique
323 2039 453 2109 iudicant
482 2039 589 2113 ceteris
617 2040 860 2119 praestantiorem
893 2060 959 2102 esse
986 2039 1145 2105 Mediceurn
1177 2038 1319 2111 codicem,

172 2143 239 2221 quia
261 2150 292 2201 et
314 2142 533 2221 antiquissimus
556 2143 679 2204 omniun
710 2143 845 2205 videatur
875 2152 906 2203 et
933 2144 1009 2222 quod
1033 2144 1115 2213 solus
1137 2162 1174 2203 ex
1198 2143 1319 2206 veterri-

173 2265 283 2315 morum
306 2266 436 2318 numero,
459 2247 484 2305 si
506 2247 675 2326 principium
700 2248 818 2320 eximis,
842 2248 961 2329 integer
982 2248 1018 2307 ad
1042 2256 1173 2308 nostram
1189 2256 1316 2309 aetatem

106 2384 107 2389 κ
171 2360 306 2411 servatus
330 2360 395 2423 est,
426 2360 522 2418 tumen
544 2352 616 2411 illnd
641 2354 836 2435 intelligitur,
862 2362 893 2425 et
914 2374 985 2426 eos,
1021 2354 1069 2434 qui
1091 2361 1245 2433 praetem
1268 2373 1317 2412 cx·

171 2463 252 2525 stunt
275 2456 422 2517 veterrimi
445 2456 527 2528 libri,
549 2465 580 2515 et
602 2459 713 2529 multos
735 2478 773 2519 ex
795 2459 841 2530 iis,
865 2459 917 2539 qui
937 2466 1091 2539 practerea
1113 2458 1176 2517 iure
1197 2476 1317 2520 cemo-

171 2570 220 2622 tur
241 2562 269 2619 io
293 2562 524 2641 probatissimis,
547 2582 604 2625 noo
623 2582 665 2621 -cx
689 2563 807 2635 eodem,
830 2564 907 2632 uude
930 2564 1029 2635 illum,
1059 2561 1144 2623 fonte
1167 2582 1316 2634 mausum

173 2686 226 2728 nec
250 2666 432 2739 mirabimur,
466 2686 529 2728 cum
554 2667 683 2748 Vergilii,
705 2670 834 2732 carmina
856 2669 1007 2748 plurimum
1031 2668 1217 2733 exercuerint
1240 2666 1317 2726 cals-

172 2792 234 2829 mos
258 2780 386 2839 veterum
411 2770 605 2842 librariorum,
629 2772 796 2851 complures
816 2773 903 2844 bodie
925 2781 1047 2839 exstare
1062 2770 1192 2843 codices,
1213 2772 1260 2850 qui
1278 2790 1315 2830 cx

171 2875 381 2956 antiquissimis
405 2875 575 2945 membranis
598 2875 736 2955 descripti
767 2876 844 2938 alius
866 2877 901 2937 ab
923 2877 984 2938 alio
1006 2875 1168 2954 aucupum
1189 2874 1317 2954 profecti

170 2978 333 3046 videantur.
379 2979 479 3045 Quare
502 2999 559 3041 noo
583 2988 664 3039 recte
687 2979 802 3041 faciunt
823 3001 888 3041 nea
917 2982 1034 3061 quidem
1064 2979 1186 3050 iudicio,
1215 2980 1315 3059 quiin

169 3083 347 3146 emendando
372 3104 460 3165 opere
483 3085 654 3166 Vergiliano
678 3086 776 3150 omnia
805 3086 841 3145 od
862 3086 950 3159 unius
979 3084 1089 3149 codicis
1109 3086 1316 3153 auctoritatem

169 3196 276 3247 exacta
297 3189 398 3249 velint.
435 3190 491 3255 uui
515 3199 612 3249 autem
636 3190 725 3269 paulo
747 3190 920 3271 diligentius
942 3189 1143 3271 exploraverit
1155 3189 1314 3249 Medicenm

169 3294 289 3366 librum,
311 3293 400 3357 facile
422 3295 475 3355 sibi
498 3296 703 3376 persuadebit,
731 3297 784 3375 qui·
802 3298 878 3358 bunc
900 3297 1028 3359 codicem
1051 3295 1236 3365 exorauerit,
1264 3296 1314 3354 bo·

50 3449 60 3469 ,
170 3397 271 3461 minem
295 3396 389 3458 fuisse
412 3400 439 3457 in
470 3399 598 3461 lectione
628 3402 731 3470 borum
753 3402 910 3462 carminum
934 3402 1009 3468 sutis
1037 3408 1204 3471 versatum,
1237 3399 1314 3460 nude

167 3501 277 3568 factum
301 3511 362 3575 est,
385 3511 417 3563 ut
441 3504 539 3563 multis
563 3505 657 3576 locis,
681 3505 729 3566 ubi
751 3526 855 3567 versus
877 3506 943 3566 aliis
966 3505 1076 3575 similes
1099 3504 1314 3583 deprehendun-

168 3616 231 3679 tur,
253 3594 388 3667 librarius
412 3610 549 3673 memoria
570 3610 710 3689 deceptus
733 3611 896 3690 repetierit,
917 3630 992 3691 quae
1015 3610 1079 3672 alin
1096 3610 1163 3673 loco
1187 3607 1314 3690 legerat,
1344 3620 1347 3625 “

169 3731 324 3792 veramque
350 3713 502 3772 lectionem
528 3714 685 3792 expulerit,
707 3715 742 3773 de
757 3734 815 3795 quo
831 3717 997 3795 expositum
1012 3724 1060 3779 cst
1075 3716 1102 3778 iu
1117 3714 1201 3773 Varr.
1213 3714 1312 3776 Lectt.

168 3817 204 3875 ad
229 3817 266 3888 A,
287 3820 318 3888 7,
342 3820 422 3890 5283
450 3820 550 3897 itaque
573 3818 598 3879 si
621 3819 689 3899 quid
712 3819 791 3887 aliud
813 3821 842 3880 io
872 3821 1013 3882 eiusmodi
1035 3820 1166 3888 uersibus
1189 3819 1224 3880 ab
1246 3819 1313 3879 aliis

167 3921 250 3982 bonis
273 3922 421 3986 codicibus
444 3931 639 4003 propagatum
662 3931 725 3997 eut,
754 3924 784 3984 id
807 3925 916 3986 rectius
947 3946 1000 4004 pro
1023 3943 1093 3984 scra
1115 3924 1242 3983 lectione
1265 3923 1313 3983 ba·

129 4012 131 4016 ’
166 4024 289 4085 bebitur.
340 4026 418 4087 ldem
448 4026 582 4092 librarius
614 4028 642 4086 iu
669 4048 731 4089 ean
764 4038 876 4108 partem
912 4029 1072 4109 aliquoties
1101 4027 1247 4108 peccauit,
1280 4036 1314 4087 ut

165 4128 262 4189 forma
286 4130 481 4208 proximorum
506 4130 657 4191 verborum
681 4131 895 4209 syllabarumre
917 4133 1014 4194 iudnci
1036 4153 1070 4193 se
1087 4151 1193 4214 passus
1215 4132 1256 4197 sit
1276 4132 1313 4191 ad

169 4235 409 4315 corrumpendam
433 4236 602 4308 veritatem,
625 4236 707 4296 cuins
730 4238 773 4303 rei
795 4238 887 4297 multa
909 4238 1044 4318 exemplu
1057 4237 1166 4317 protuli
1183 4238 1212 4299 in
1231 4237 1313 4297 Varr.

169 4340 267 4399 Lectt.
291 4340 330 4405 ad
351 4341 386 4401 A.
412 4344 447 4413 1,
473 4344 544 4404 104,
578 4344 732 4418 1,1,609;
763 4361 854 4421 quare
887 4343 975 4406 ctiam
1005 4343 1112 4411 talibus
1141 4343 1218 4407 loeis
1241 4341 1315 4405 fides
