2842 4817
487 225 631 278 Lectiones
648 224 832 293 Vergilisnse.

175 377 214 436 G.
238 380 269 448 l,
294 381 343 436 lt.
710 379 812 437 incerti

9 557 13 573 1
259 482 408 558 &spedus
429 501 448 542 ιι
470 484 584 542 sutas
606 485 705 542 susm.

9 620 14 685 5
84 603 121 658 ol
144 603 261 660 mlulis
281 621 356 662 suns
378 603 543 675 llediceus,
573 603 664 663 ceteri
694 622 714 661 o
735 603 856 661 culeis.
900 603 942 660 Ao
963 610 1111 682 receptum
1134 623 1152 664 s
1173 604 1228 664 Ln-

8 726 13 805 q
84 707 220 787 dewigio
244 714 276 765 et
297 706 332 766 oh
353 707 494 786 llouptio.
538 708 597 766 Sed
619 729 663 769 vs.
691 709 747 768 llll
775 708 804 765 in
827 706 958 766 omnibns
979 705 1061 766 lilerio
1083 715 1130 766 est
1152 711 1231 780 „tiss

7 810 18 890 l
83 829 156 868 nero
187 831 206 869 e
238 810 361 871 stellulis
387 813 484 885 plrmin
512 813 679 885 inpendente
706 809 874 882 recedont'3
906 829 960 870 mee
988 811 1130 870 editorum
1154 813 1229 892 quis-

86 935 177 994 qusm
200 915 238 974 ibi
259 916 475 995 exprimendum
497 916 612 977 cursvit
633 917 678 975 cl.
722 917 826 976 Toeto
857 924 904 975 est
925 923 1021 975 nutem
1045 917 1145 975 lorum
1168 935 1230 978 rer

86 1039 177 1079 suum
198 1021 369 1093 similitudo,
391 1029 425 1081 ut
446 1019 546 1080 fecere
569 1041 627 1082 uon
650 1021 806 1102 possimus,
829 1021 899 1101 quio
920 1020 1081 1102 Vergilium
1104 1029 1230 1101 utroqnc

85 1127 158 1186 loco
182 1132 234 1184 cut
254 1145 273 1182 n
295 1131 346 1184 sut
375 1127 410 1183 nd
440 1125 594 1205 scripsisse
624 1133 798 1185 statuamus.
842 1125 948 1186 Verum
971 1147 1034 1186 cunr
1058 1129 1133 1207 opud
1155 1129 1231 1188 lonc

87 1239 209 1310 postem
237 1248 376 1309 nusquam
418 1230 662 1308 praepositionem
699 1232 734 1287 cd
772 1238 841 1290 oute
871 1230 1041 1292 vocobulum
1079 1233 1231 1312 soopnesti

87 1354 254 1395 mensuram
277 1334 386 1394 hebens
409 1335 534 1413 positum
557 1334 747 1413 reppererim,
770 1334 935 1395 consultius
961 1337 1031 1395 duxi
1053 1337 1180 1396 retinere
1204 1339 1231 1397 id

87 1440 170 1520 quod
197 1438 285 1498 semel
318 1439 393 1497 edidi
421 1457 449 1497 n.
495 1439 583 1498 Levis
617 1438 734 1498 videtur
760 1439 811 1500 ills
840 1441 1027 1514 observatio,
1059 1444 1110 1504 sed
1147 1462 1232 1523 quom

87 1546 169 1605 houd
193 1544 430 1604 contemnemdum
453 1542 650 1603 indicaverim.

181 1667 218 1726 G.
241 1672 271 1740 le,
295 1669 368 1727 202.
414 1669 486 1726 200.
509 1669 587 1739 ipsse
608 1684 623 1722 e
642 1667 721 1740 soliis
741 1675 822 1724 satos
843 1675 870 1725 st
890 1667 1019 1727 omnem
1039 1669 1132 1728 ieriis

415 1771 470 1828 Ore
491 1771 591 1844 lepsmt,
614 1773 691 1844 iprae
712 1788 807 1845 repom
825 1788 984 1846 porcosque
1006 1773 1127 1844 Quirites

414 1879 572 1949 Sufficiunt,
595 1879 727 1950 adusque
740 1885 767 1932 et
778 1893 863 1933 cereo
876 1895 965 1952 repon
976 1875 1137 1959 retinguet.

86 2003 215 2076 reliqum
236 1995 426 2078 ludewigius
455 1997 620 2068 revocavit,
653 1996 798 2076 llsuptius
830 2004 925 2070 tecet,
955 2000 1032 2080 quod
1062 2019 1121 2080 ego
1147 1999 1233 2071 edidi,

86 2109 243 2180 refimqumt.
288 2102 331 2161 lle
360 2121 392 2160 re
423 2101 511 2160 mire
540 2120 572 2159 se
602 2101 744 2159 dicturum
774 2100 932 2181 profitetur
963 2112 1051 2184 poeto
1082 2124 1125 2165 vs.
1156 2107 1233 2176 1973

87 2219 185 2290 utque
207 2207 277 2265 illud
301 2206 414 2265 minime
436 2206 643 2279 odmirsndum,
667 2207 743 2286 quod
766 2226 850 2266 cerus
873 2218 1005 2268 resectos
1027 2206 1162 2268 reficiunt
1185 2228 1233 2267 re·

87 2311 317 2394 figentque3
348 2319 380 2370 nt
408 2311 463 2369 hoe
492 2318 538 2369 est
567 2309 716 2381 mirabile,
750 2311 827 2390 quod
857 2310 1062 2394 refiuguut
1091 2314 1175 2373 nulus
1204 2322 1235 2372 et

87 2436 189 2497 regno
211 2435 306 2485 cerco,
331 2435 422 2474 novos
445 2434 534 2495 reges
558 2433 720 2495 novumque
735 2415 873 2494 populum
896 2437 1010 2496 semper
1031 2438 1068 2477 ex
1090 2417 1172 2477 foliis
1194 2418 1232 2478 le·

89 2531 212 2604 gentes.
257 2520 330 2579 Huic
359 2519 408 2578 uui
444 2519 608 2578 scoteotise
637 2520 815 2598 respondent
842 2521 944 2593 etism,
975 2541 1050 2602 quoe
1079 2542 1138 2583 vss.
1169 2525 1233 2584 206

89 2648 157 2708 sqq.
183 2625 388 2684 subiiciuotur:

226 2731 307 2809 Ergo
332 2729 408 2807 ipsus
431 2719 561 2809 quumvis
583 2727 704 2809 angusti
728 2727 868 2785 terminus
891 2727 955 2788 oevi

227 2833 381 2913 Excipist3
409 2833 596 2912 nequeenim
620 2832 685 2912 plus
707 2832 830 2910 septimo
852 2832 968 2890 ducitur
989 2840 1106 2902 ocstos3

221 2938 264 3015 'At
287 2941 382 3018 genus
406 2936 560 2995 inmortale
583 2943 689 3007 coenet,
712 2946 764 2994 cet.

0 3083 1 3098 r
89 3044 202 3103 Verum
233 3042 411 3121 ineptissime
441 3042 531 3112 hoec,
565 3060 627 3100 cum
662 3061 722 3101 sss.
749 3041 916 3099 197-202
940 3040 1149 3098 sententiarum
1171 3039 1232 3098 uui·

88 3158 157 3208 tute
180 3147 352 3216 coniuncto,
383 3146 631 3224 interrumpuntur
660 3145 791 3204 versibus
812 3144 904 3203 tribus
927 3144 1109 3223 interpositis
1131 3143 1167 3202 ed
1190 3142 1233 3202 fo·

89 3251 227 3312 ciendum
251 3249 316 3320 mel,
338 3267 398 3307 mm
421 3248 574 3320 diversum,
596 3247 814 3326 spectantibus:

193 3437 196 3442 ,
227 3372 323 3450 Saepe
345 3371 432 3431 etiem
455 3369 534 3428 duris
550 3369 681 3428 'erroodo
705 3370 734 3427 in
756 3369 870 3428 cotibus
891 3368 955 3428 nlos

226 3477 379 3550 Attrivere,
396 3475 533 3554 ultroque
556 3475 677 3533 nuimom
701 3473 754 3533 sul
776 3472 858 3533 lusce
880 3474 998 3534 dedere:

228 3582 346 3640 Tantus
368 3600 451 3640 emor
472 3578 576 3640 florum
599 3587 629 3640 et
650 3579 812 3661 generandi
834 3579 933 3660 glorio
954 3577 1069 3637 mellis!

90 3711 201 3786 ltaque
223 3703 358 3764 stellulos
381 3705 426 3763 lis
448 3703 579 3765 versibus
602 3702 631 3762 io
653 3702 782 3762 editione
798 3701 909 3760 minore
927 3700 1061 3782 opposui,
1084 3721 1141 3760 non
1156 3700 1234 3779 quod
1322 3700 1326 3704 ’

91 3834 115 3872 m
142 3809 274 3889 Vergilio
303 3829 444 3888 procusos
467 3825 621 3891 ungerem,
652 3809 703 3868 sed
728 3809 821 3889 quod,
848 3818 881 3866 ut
903 3807 964 3868 dixi
986 3808 1014 3868 io
1037 3827 1073 3866 es
1095 3807 1234 3879 editione,

0 3942 23 3963 1
91 3935 158 3976 non
189 3933 244 3973 suo
273 3913 339 3973 loco
369 3915 457 3995 positi
484 3922 563 3974 suut.
616 3913 677 3973 llos
713 3912 849 3973 stellulis
877 3912 1002 3972 amovit
1033 3910 1234 3996 hedewigim,

94 4017 241 4102 (removit
262 4017 349 4075 etiem
372 4017 529 4096 lleuptius)
561 4037 670 4097 eosque
693 4035 796 4079 versus
818 4016 894 4074 lunc
914 4016 944 4074 in
966 4015 1079 4075 modum
1101 4033 1165 4074 cum
1187 4033 1233 4073 su·

92 4122 262 4203 perietibus
284 4125 442 4182 cohaerere
464 4122 543 4194 vult,
572 4131 604 4182 ut
626 4122 705 4182 dicct
727 4129 811 4180 tuoto
832 4140 903 4199 spes
924 4118 998 4180 ferri
1026 4119 1123 4180 studio
1146 4127 1234 4178 mete·

92 4231 164 4291 rime
185 4227 220 4286 sd
244 4227 462 4308 propegeudom
485 4228 593 4306 prolem
616 4247 654 4287 ox
683 4225 803 4286 llos-illus
831 4225 1039 4304 colligendos,
1067 4234 1100 4283 ut
1128 4243 1234 4284 cucone

93 4340 132 4397 in
155 4333 310 4412 periculum
333 4340 429 4391 ruent.
474 4332 531 4390 Sed
555 4339 642 4410 poeto
665 4333 728 4410 ipse
750 4331 808 4406 (vs.
832 4331 894 4390 205
918 4329 1058 4400 „Tsutus
1080 4347 1163 4388 umor
1183 4328 1235 4390 llo·
