2842 4817
471 192 623 243 lwetionen⁴
634 177 819 259 Vergilianus.
1178 195 1221 255 49

70 343 155 398 modo
177 361 255 399 nunc
276 343 412 401 loetinurn
435 364 516 409 essm
541 364 604 402 nom
628 346 685 403 etsi
709 344 891 403 tolerabilem
909 364 1025 403 sensum
1049 366 1087 404 ex
1110 347 1154 405 bis
1175 346 1217 405 ef·

70 443 143 502 fecit
168 446 308 518 lluudius,
333 468 440 528 magno
463 457 558 507 terren
575 458 670 508 restat
682 449 838 520 dubitatio,
862 450 931 527 quio
947 468 1117 528 quemquem
1136 470 1216 528 proc

70 558 153 607 tereu
177 532 369 611 sic-locutum
393 572 459 611 esse
482 572 535 611 nec
558 562 677 613 constet
699 574 753 613 sec
775 574 828 633 per
849 574 882 613 se
898 552 1045 631 probabile
1059 565 1115 611 est.
1149 555 1215 613 l'cr·

70 654 248 731 giliunoruin
272 637 423 716 verborum
447 658 671 735 explicationem
703 660 777 718 lionc
807 658 946 737 proponit
968 658 1098 717 liundius
1121 660 1214 725 (Tur-

71 757 135 841 sell.
162 757 228 816 Vol.
242 760 271 817 3.
297 780 366 839 pag.
382 758 460 838 645)
483 780 571 831 ,‚eos,
595 762 643 840 qui
667 782 744 825 nunc
765 763 876 820 denum
896 770 991 821 toturn
1014 781 1110 841 genus
1133 762 1213 822 ferui-

71 882 171 919 noruor
196 864 294 940 perosi
311 884 382 950 esse
404 863 559 933 debennt”;
583 865 776 925 Morklundus
799 866 905 935 „nodo
925 884 999 923 nunc
1018 866 1134 943 penitus
1151 887 1213 944 per·

71 968 115 1023 osi
138 968 200 1025 sint
223 988 307 1027 once
329 988 425 1049 genus
442 967 594 1033 femineum
606 971 634 1041 ”3
664 970 768 1029 melius
779 969 948 1029 Dietscbius
963 969 1132 1049 (Tbeolog.
1148 971 1214 1029 l'er·

70 1072 122 1151 gil.
148 1096 175 1153 p.
200 1076 251 1133 34.
275 1085 337 1133 not.
363 1075 440 1151 257)
480 1077 581 1147 „setis
612 1075 669 1135 fuit
699 1085 770 1135 sote
793 1096 931 1155 pecasse,
965 1079 989 1135 si
1020 1078 1106 1135 inodo
1139 1098 1214 1137 nunc

71 1198 155 1235 ornne
172 1199 275 1257 ,genus
296 1178 451 1239 femineum
468 1181 574 1258 perosi
598 1182 730 1240 essent’'.
775 1182 840 1239 Non
864 1200 943 1260 nego
960 1181 1124 1260 inpeditam
1147 1203 1213 1243 esse

70 1276 172 1341 tiorum
196 1284 347 1365 verborum
369 1286 630 1356 constructionem,
654 1286 717 1345 sive
739 1304 805 1358 noo,
829 1284 891 1346 sive
906 1304 981 1343 nunc
999 1286 1118 1365 legeris.
1157 1288 1211 1365 Ap·

72 1389 155 1463 poret
178 1388 252 1445 eninr
276 1389 333 1447 duo
357 1390 473 1448 diverso
495 1398 627 1468 temporo
652 1389 697 1447 bic
726 1390 885 1467 coniungi,
918 1408 994 1467 quoe
1028 1390 1115 1448 tulero
1145 1410 1212 1449 con·

68 1492 262 1575 structionem
292 1501 442 1571 respuunt.
502 1494 586 1551 lllens
619 1503 726 1571 poetse
757 1494 828 1553 tinec
858 1502 923 1551 est:
956 1513 1106 1571 „peccone
1140 1497 1213 1553 sotis

70 1594 177 1653 fuisset
199 1604 310 1669 onte,
340 1599 358 1655 i.
381 1616 408 1655 e.
431 1616 494 1655 eun
518 1605 679 1676 rapuerunt
702 1598 864 1667 Helenen,
898 1598 948 1655 sed
979 1616 1017 1655 ex
1041 1617 1099 1677 quo
1122 1600 1147 1657 is
1168 1620 1212 1658 rn-

72 1708 136 1775 ptus
163 1680 309 1775 Troianis
330 1702 428 1779 coepit
450 1702 633 1779 perniciosus
655 1722 740 1771 esse,
771 1700 913 1759 debebunt
935 1701 1034 1760 odisse
1056 1701 1210 1761 feminus'’.

71 1804 107 1861 At
129 1806 187 1863 boe
210 1805 391 1865 versu'buee
413 1807 471 1865 duo
487 1815 627 1885 *tempore
650 1806 786 1875 diverso,
817 1824 907 1877 cpusn
937 1815 967 1863 et
997 1805 1138 1877 effeetus,
1172 1842 1206 1851 -

70 1918 172 1988 ruptus
195 1910 324 1969 Helenae
347 1921 377 1969 et
398 1912 465 1969 inde
487 1919 675 1969 'consecutum
700 1911 795 1969 odium
818 1929 908 1968 sexus
932 1910 1079 1968 muliebris
1102 1948 1139 1955 —
1168 1914 1209 1971 itu

71 2014 169 2073 iuncte
191 2023 274 2085 sunt,
298 2026 443 2095 turnquorn
467 2036 502 2075 es
525 2016 610 2074 unius
633 2017 693 2074 siut
715 2015 902 2092 eiusdemque
925 2015 1075 2092 temporis.
1122 2017 1207 2081 Quod

71 2119 145 2178 dixit
167 2129 257 2197 poeto
276 2125 375 2193 scissa
396 2131 461 2177 cote
483 2123 566 2187 sotis,
598 2120 626 2177 in
657 2139 692 2179 eo
717 2119 791 2177 lutet
812 2117 899 2189 illud,
934 2120 1010 2198 quod
1041 2128 1121 2178 recte
1144 2122 1208 2179 inde

70 2200 228 2279 elicit'curn
247 2224 360 2299 lleyuio
379 2210 557 2293 Dietscbius,
582 2222 718 2301 quodque
733 2241 823 2301 supro
838 2222 933 2300 posui,
952 2223 1096 2279 debebant.
1126 2224 1208 2301 Ergo

69 2325 359 2386 debebunt-'Proieci
382 2348 440 2387 non
462 2328 566 2386 iteruin
590 2346 724 2405 peccone,
747 2335 778 2384 et
799 2326 957 2395 debebunt,
989 2335 1142 2404 postqunni
1165 2349 1207 2385 se·

70 2430 121 2487 uel
149 2410 228 2487 curn
250 2450 357 2509 mugno
388 2450 441 2488 suo
470 2431 547 2489 mulo
577 2438 751 2508 peccarunt,
786 2448 881 2508 genus
914 2428 1068 2487 femineum
1100 2430 1206 2489 odisse.

69 2532 151 2590 llunc
184 2534 211 2591 in
234 2535 348 2591 modurn
377 2535 402 2591 si
431 2533 601 2593 dilataveris
631 2535 807 2592 sententium
839 2542 962 2611 poetoe,
995 2534 1092 2591 omnio
1120 2534 1206 2611 plonn

69 2646 152 2707 sont3
178 2637 227 2695 sed
251 2638 351 2696 eudem
374 2656 437 2696 curn
461 2638 488 2696 in
513 2656 598 2695 ununi
622 2638 803 2711 enuntiatum
827 2643 963 2694 coartato
986 2635 1054 2705 sint,
1090 2657 1146 2695 non
1169 2639 1205 2695 nd

69 2740 151 2821 leges
177 2739 420 2821 logices-exucta
442 2762 508 2800 esse
538 2740 627 2799 focile
658 2740 725 2799 mibi
753 2740 912 2808 concedes,
945 2738 1125 2816 dntboni3
1160 2759 1204 2798 ve·

68 2843 226 2903 rontumen
257 2846 328 2917 idem
362 2846 505 2903 concedes
536 2837 698 2916 orubionem
730 2838 874 2901 turbatum
902 2843 1058 2901 convenire
1087 2842 1205 2901 turbuto

69 2950 163 3007 uninio
180 2949 304 3019 Turni3¹
316 2969 350 3008 ue
375 2950 451 3009 nosti
476 2948 565 3026 probe
580 2949 713 3023 Graecos
736 2949 781 3025 (et
804 2948 858 3004 bos
875 2934 987 3023 quideni
1006 2946 1204 3023 potissimum)

69 3050 248 3131 Latinosque
270 3054 430 3131 scriptores
454 3052 597 3109 interdurn
621 3072 678 3109 non
702 3051 822 3109 multuo·
846 3069 950 3107 curure
972 3057 1138 3107 communes
1163 3050 1203 3108 lo·

70 3155 172 3231 quendi
195 3156 288 3237 leges,
312 3156 396 3214 modu
420 3135 459 3212 sit
482 3155 578 3213 orutio
604 3154 709 3235 rebus
732 3154 918 3213 conveniens.
964 3153 1045 3231 Ergo
1070 3153 1124 3210 boc
1148 3173 1202 3211 iiio·

10 3292 11 3295 =
69 3269 133 3329 net,
165 3262 305 3321 utrumvis
327 3260 506 3337 urnpl'ecture
529 3259 703 3329 lectionem,
735 3259 763 3315 in
786 3278 896 3316 summo
925 3276 958 3314 re
986 3257 1056 3315 nibil
1081 3259 1202 3327 moturi,

67 3372 96 3419 ut
119 3366 144 3422 si
167 3365 232 3443 quid
256 3366 318 3424 sitii
340 3373 387 3423 est
410 3366 439 3422 in
462 3386 497 3423 eu
521 3364 675 3432 orubione,
710 3362 783 3419 illud
814 3363 881 3419 nribi
912 3361 1036 3418 uroxirne
1066 3361 1200 3419 vitiosum

10 3448 12 3455 ,
68 3467 196 3536 videtur,
231 3469 258 3525 id
282 3468 380 3527 sitium
404 3470 486 3547 quusi
510 3468 607 3526 deditu
631 3484 721 3554 opero
745 3465 846 3543 prodi,
876 3464 953 3543 quod
977 3462 1027 3532 tit,
1057 3452 1103 3522 ubi
1127 3484 1202 3523 nunc

66 3572 227 3650 scripseris,
250 3574 317 3651 quio
341 3575 383 3631 sic
405 3572 561 3632 manifesto
583 3573 696 3631 existit
709 3570 857 3649 oppositio
879 3570 1093 3627 interlucent
1115 3578 1200 3626 nunc.

66 3675 148 3739 (tuoe
170 3695 232 3733 curu
254 3677 298 3735 ¹itu
321 3677 390 3747 sint,
413 3678 506 3737 sotius
530 3677 645 3735 videtur
658 3676 686 3733 in
706 3675 837 3733 codicum
851 3673 984 3739 vlectione
1001 3673 1197 3750 acquiescere.

10 3770 11 3773 ¹
64 3778 101 3835 At
123 3780 250 3857 ineptum
274 3788 321 3837 est
343 3779 413 3837 illud
437 3769 519 3837 modo
542 3798 598 3837 noo
621 3797 702 3836 omne
725 3781 787 3837 sive
804 3786 910 3834 tontum
928 3794 985 3856 non
999 3794 1093 3857 omoe,
1115 3776 1199 3835 imino

10 3868 12 3955 l

10 4288 12 4373 p

10 4426 12 4465 l

63 3888 162 3941 ornnes
185 3883 309 3943 t'esrinue
333 3886 400 3943 odio
424 3880 533 3965 «ligone
549 3884 648 3953 ¹videri
671 3882 812 3941 debebunt
837 3880 989 3938 'l'roicuis
1038 3880 1199 3949 l'idennrus,

64 3986 241 4057 bothoni,
274 3988 298 4045 si
329 4006 385 4066 qun
415 3998 530 4066 poeturn
561 3989 648 4045 etium
677 4006 694 4044 u
728 3986 846 4044 crimine
874 3984 1045 4062 ineptiarum
1076 3984 1199 4043 liberere

65 4092 214 4165 possimus.
235 4130 239 4141 ι
268 4092 395 4151 Facilius
419 4086 470 4163 id,
487 4090 571 4171 quum
595 4092 660 4169 quis
683 4090 813 4149 furuisse
837 4089 992 4167 opinetur,
1022 4087 1086 4148 fieri
1103 4109 1197 4165 posse

64 4195 171 4269 iudico;
203 4199 387 4257 utteudurnus
411 4199 506 4267 modo,
529 4176 701 4265 Anthoni,
733 4196 769 4253 od
793 4192 963 4254 vocobulum
992 4212 1088 4267 penus.
1144 4194 1198 4272 Ap·

63 4310 145 4377 puret
174 4302 227 4361 boc
258 4303 324 4361 loco
355 4304 410 4361 dici
439 4304 475 4361 de
498 4304 543 4372 iis,
567 4304 615 4381 qui
639 4320 748 4358 uxores
774 4300 865 4359 velint
888 4301 1011 4368 ducere,
1037 4297 1079 4353 bis
1103 4317 1216 4355 exero·

915 4417 932 4467 lt
