2842 4817
457 206 601 256 lectiones
619 203 804 268 Vergilianas.
1157 205 1197 262 ῃ

8 417 9 424 ,
58 360 118 418 llos
131 379 250 441 quoque
260 380 361 422 versus
369 360 529 423 abiudicari
541 358 710 439 evergilio.
738 356 1198 418 DissentiuotamelebninsLn·

8 521 9 530 ,
58 465 216 544 lewigins,
230 466 383 545 lleuptius.
418 465 530 524 Contra
538 463 762 540 Peerlkampine
772 461 808 520 ad
831 481 875 521 rs.
892 458 970 522 beo:
994 462 1099 531 „llunc
1111 470 1197 520 etse·

8 557 9 578 ³
59 575 195 646 quantem
213 589 327 629 versum
343 568 623 649 nonesseVergilii,
645 567 838 647 Wagnerus
830 576 873 625 rte
886 565 1105 625 demonstrasse
1121 566 1198 627 vidc-

58 683 116 745 tnr,
141 681 175 732 nt
186 675 255 734 nibil
278 675 415 762 supersit,
438 675 516 753 quod
529 673 642 732 addam
673 670 810 730 Dudum
802 691 830 729 ιιι
842 670 952 729 eadem
968 671 1105 750 opinione
1123 669 1198 731 fui”

59 778 155 836 Unum
170 778 245 837 addo
260 777 296 838 ad
309 799 355 851 ce
378 798 453 858 qnae
468 780 537 837 olim
553 785 622 836 sunt
638 795 712 835 amc
724 775 885 854 disputate
919 775 951 834 Si
968 784 1057 854 poeta
1074 795 1195 836 necesse

8 921 9 968 3
60 883 241 943 existimavit
262 883 375 953 dicere,
406 883 482 941 unde
514 901 549 940 ea
582 881 697 940 nomina
720 880 859 961 cognorit
881 880 1037 950 nonem·
1029 899 1092 938 rnre
1114 899 1200 960 quae·

8 993 9 1068 ζ
58 1007 122 1058 res,
154 987 233 1046 nndc
259 993 342 1066 putet
373 1005 408 1046 ea
430 985 650 1045 Achemenidenr
681 1002 804 1042 noscere
831 983 984 1062 potuisset
1028 984 1200 1064 „Cognovit

8 1121 9 1174 3
60 1111 105 1162 ee,
137 1091 231 1169 inquit
250 1091 458 1172 Ladewigins,
489 1091 553 1149 cum
584 1091 657 1148 istos
688 1107 757 1148 oras
786 1081 902 1169 legeret
930 1106 994 1146 cum
1019 1088 1136 1159 Ulixe,'’
1168 1099 1199 1148 et

8 1243 10 1286 l
60 1212 132 1252 sane
155 1194 226 1252 baec
248 1193 306 1253 fuit
329 1195 427 1274 opinio
449 1195 529 1265 eius,
559 1193 607 1272 qui
636 1192 690 1250 bos
712 1210 815 1251 versus
837 1192 1030 1270 interposuit3
1064 1200 1097 1251 at
1124 1194 1199 1252 unde

61 1299 146 1358 novit
168 1298 288 1362 Ulixesl
344 1299 446 1358 Laudo
477 1307 611 1381 poetam,
641 1297 719 1376 quod
742 1297 772 1367 6,
796 1298 870 1367 777,
902 1299 1135 1357 commemoratis
1163 1300 1198 1358 ab

8 1385 9 1404 ³
60 1403 189 1461 Anchisa
210 1403 320 1476 Gabiis,
341 1405 497 1474 Nomento,
519 1402 646 1472 Fidenis,
670 1412 738 1473 cet,
771 1400 843 1459 baec
865 1400 960 1458 addit:
994 1401 1095 1471 „llaec
1124 1411 1199 1462 tum

8 1529 10 1566 ι
62 1507 180 1565 nomine
195 1515 289 1578 ernnt,
313 1525 408 1565 nunc
430 1513 500 1566 sunt
513 1506 576 1564 siue
593 1505 707 1564 nomine
721 1504 849 1563 terrae”.
894 1503 1002 1582 Nempe
1024 1525 1061 1563 ea
1083 1509 1199 1586 oppida,

8 1573 10 1682 l
61 1621 93 1669 ut
116 1612 148 1668 in
170 1611 263 1670 media
279 1612 365 1672 ltalia
388 1613 446 1671 sita
468 1631 522 1672 nec
544 1612 586 1671 ita
608 1611 699 1691 longe
719 1629 738 1668 ιι
753 1611 846 1668 Rome
860 1608 1011 1680 distantia,
1034 1619 1201 1673 noluerant

60 1715 202 1774 Romanis
225 1717 366 1789 omnibus,
389 1725 478 1777 notae
499 1716 585 1775 etiam
611 1715 742 1795 origines
765 1734 901 1773 eorum.
930 1716 1038 1795 ltaque
1054 1723 1136 1776 recte
1158 1717 1200 1776 fe·

8 1865 10 1896 ,
60 1823 139 1878 cisse
162 1829 251 1899 poeta
272 1799 364 1882 videri
386 1822 486 1893 debet,
510 1820 587 1900 quod
611 1821 704 1890 cavit,
731 1839 767 1878 ne
790 1819 939 1879 videretur
959 1839 1059 1878 eorum
1083 1821 1201 1898 primur

8 1897 10 1998 l
60 1927 107 1983 dia
131 1926 168 1984 ad
190 1927 275 1984 istam
298 1934 477 1988 vetustatem
495 1926 643 1986 reiecisse.
698 1925 737 1982 At
767 1924 836 1983 nibil
868 1943 941 2003 opus
970 1923 1028 1983 fuit
1058 1925 1316 1983 tolidem·

61 2032 142 2088 tione
164 2030 192 2086 in
216 2032 472 2091 commemorandis
504 2031 682 2104 Graecorum
706 2029 837 2099 urbibus,
873 2038 903 2086 et
934 2028 1023 2088 facile
1054 2029 1141 2088 etiam
1164 2029 1199 2088 ab

60 2133 267 2194 eruditioribus
294 2136 371 2194 inter
392 2135 549 2215 populares
577 2153 648 2192 suos
672 2134 830 2193 lectoribus
852 2142 884 2193 et
906 2134 990 2192 buius
1012 2136 1055 2192 rei
1077 2142 1108 2193 ct
1130 2135 1198 2192 mul·

60 2247 156 2295 tarum
179 2244 347 2316 praeterea,
370 2238 399 2297 in
423 2238 524 2317 quibus
547 2238 718 2316 prolepseos
741 2238 803 2295 iure
824 2237 868 2296 uti
888 2236 942 2295 sibi
964 2236 1053 2297 licere
1074 2239 1199 2317 putavit,

59 2341 172 2400 veniam
196 2362 319 2421 sperare
337 2343 443 2422 potuit.
489 2342 583 2411 uuio,
614 2343 690 2421 quod
727 2342 879 2400 ridiculum
910 2342 954 2400 bis
978 2343 1069 2402 sideri
1091 2343 1199 2414 debuit,
1251 2355 1254 2358 ’

62 2447 85 2503 si
108 2446 183 2505 adeo
207 2447 323 2526 ineptos
346 2467 378 2506 se
401 2447 601 2506 existimasset
624 2454 731 2526 poeta,
754 2455 787 2505 ut
810 2446 915 2516 additis
938 2447 1070 2506 versibus
1093 2450 1200 2509 696-

62 2553 97 2610 91
124 2569 197 2609 suae
220 2551 385 2610 curiositati
408 2550 593 2611 satisfactum
616 2571 682 2610 esse
713 2557 860 2631 putarent.
912 2550 972 2608 Aut
1001 2551 1027 2609 si
1054 2551 1110 2611 boc
1132 2552 1198 2612 loco

8 2691 10 2770 p
61 2656 220 2713 arbitratus
244 2664 291 2714 est
313 2655 384 2714 baec
407 2634 567 2714 adiicienda
590 2675 656 2714 esse
678 2656 715 2713 ad
737 2654 823 2714 fidem
845 2655 887 2714 rei
910 2675 963 2746 per
985 2673 1017 2714 se
1022 2652 1199 2716 incredibili

61 2759 235 2830 faciendam,
258 2778 319 2831 cnr,
343 2768 377 2818 ut
398 2761 454 2818 boc
476 2779 561 2824 naum
586 2759 717 2831 afferam,
741 2760 838 2818 omisit
861 2760 991 2831 easdem,
1014 2760 1040 2818 si
1061 2760 1117 2820 diis
1139 2763 1198 2842 pln-
1302 2789 1305 2794 ’

63 2873 120 2934 cet,
143 2864 323 2944 diligentiam
348 2883 446 2944 supra,
469 2885 512 2925 vs.
537 2868 610 2936 653,
642 2865 688 2923 ubi
713 2864 908 2923 Caulonem
934 2873 964 2924 et
987 2866 1197 2942 Scylaceum

61 2969 177 3028 Aeneas
200 2987 232 3026 se
255 2970 531 3049 praeternavigosse
552 2951 663 3028 referet

83 3073 85 3075 '
149 3074 222 3132 Aen.
246 3075 275 3144 3,
300 3075 374 3134 702
399 3075 590 3152 [lamentisque
613 3077 679 3133 Gelo
699 3075 778 3146 ylarii
799 3076 966 3148 cognomine
987 3053 1088 3150 dicem]

62 3179 134 3236 lluic
168 3193 283 3257 quoquc
312 3179 409 3238 versui
435 3178 636 3259 Ladewigius,
674 3185 706 3235 ut
736 3186 805 3257 ante
826 3176 1039 3248 Lacbmannus,
1069 3177 1199 3237 detraxit

62 3302 153 3341 uncos
177 3283 204 3340 in
229 3283 338 3342 minore
361 3281 489 3341 editione
516 3302 534 3340 ιι
557 3301 601 3341 me
628 3281 755 3353 additos,
778 3283 846 3340 item
868 3281 1025 3360 Hauptins.
1068 3282 1199 3342 Alteram

63 3387 202 3463 syllabam
227 3387 350 3445 nominis
375 3389 441 3445 Gelo
461 3397 543 3446 recte
566 3406 600 3447 ac
623 3387 739 3446 ratione
761 3388 931 3466 productam
953 3406 1020 3444 csse
1042 3386 1084 3446 ait
1105 3389 1198 3447 Laeli·
1308 3438 1312 3442 Α

63 3510 183 3572 mannus
206 3491 241 3550 ad
264 3491 383 3550 Lucret.
407 3491 435 3562 6,
458 3493 531 3562 977,
555 3491 736 3571 alterumque
759 3492 822 3550 eius
844 3491 886 3550 rei
909 3491 1070 3570 exemplum
1094 3491 1197 3551 eVer·

8 3659 9 3666 ¹
63 3596 135 3675 gilio
160 3593 248 3654 affert
271 3595 306 3653 G.
332 3599 365 3663 4,
389 3597 451 3653 343
475 3596 591 3674 „Atque
616 3599 726 3672 pryro
758 3605 847 3676 atque
870 3597 940 3676 Opis
966 3605 997 3656 et
1019 3597 1089 3655 Asia
1111 3594 1197 3655 Deio·

8 3735 10 3780 4
65 3701 155 3778 pea”3
178 3700 221 3758 sic
244 3699 281 3756 ibi
302 3717 376 3756 unus
398 3699 557 3770 Mediceus,
581 3702 672 3760 ceteri
695 3704 813 3776 Ephyre.
865 3700 905 3759 At
927 3701 1046 3779 primum
1070 3721 1127 3759 non
1151 3712 1197 3760 est

66 3804 200 3888 credibile
223 3803 325 3862 Silium
349 3791 421 3864 Gelai
445 3811 581 3882 correpte
604 3805 746 3863 dicturum
769 3804 877 3875 fuisse,
909 3805 934 3883 si
963 3806 1069 3864 scisset
1089 3824 1107 3863 ιι
1131 3804 1196 3863 Ver·

67 3907 138 3987 gilio
161 3907 303 3987 producte
329 3907 561 3986 pronuntiatum,
593 3918 652 3966 tum
681 3908 752 3966 illud
771 3928 904 3989 ,quoque
920 3908 970 3966 vix
999 3914 1099 3986 potest
1120 3899 1197 3966 dubi·¹

69 4013 134 4083 tari,
157 4013 226 4092 quin
248 4011 411 4092 Vergilius,
443 4018 478 4068 ut
506 4010 578 4090 fecit
601 4013 628 4070 in
652 4014 738 4096 aliis,
770 4015 838 4072 item
868 4014 897 4070 in
919 4013 1055 4092 Ephyres
1083 4013 1198 4072 nomine

68 4116 163 4175 lunico
185 4115 282 4177 forma
304 4134 374 4174 usus
397 4115 462 4178 sit„
497 4115 558 4174 Nec
580 4117 724 4196 llauptius
749 4138 820 4177 ase
842 4119 1017 4196 impetravit,
1039 4098 1083 4202 ¹nt⁴
1099 4118 1199 4176 ederet

72 4221 197 4295 Ephyra,
229 4220 305 4299 qnod
329 4220 440 4298 quidem
474 4218 563 4278 facile
597 4223 676 4280 nasci
699 4222 856 4301 potnitex
880 4223 1020 4301 principio
1050 4222 1197 4282 subiectae

67 4326 195 4402 copulae.
241 4325 361 4385 Rectius
385 4323 487 4404 igitur,
511 4327 624 4403 opinor,
655 4327 804 4398 statuerit,
837 4329 885 4406 qui
908 4326 1016 4384 dixerit
1040 4325 1196 4406 Vergilium
