2842 4817
503 161 649 215 Lectiones
666 163 851 232 Vergilionem

325 314 505 376 Ponderibus
528 319 655 399 propriis
678 319 793 380 ineerta
815 317 1064 400 temporalem

219 440 222 448 ·
320 419 502 501 lacertisque
524 423 583 482 loni
605 425 709 504 spatiis
733 425 879 486 decollere
901 425 1029 504 paulum,

227 522 300 581 220.
323 523 455 584 Tantum
477 527 556 606 quod
579 548 720 589 momen
744 537 884 590 mutatum
907 530 1004 591 dicere
1026 532 1150 610 possis..

91 630 240 684 mutatum
263 627 357 708 igitur
377 649 508 713 momen,
531 632 609 712 qaod
631 642 702 694 ante
723 642 835 694 eertum
857 633 924 694 luit.
1045 609 1052 624 ’

184 738 237 790 nat
259 731 295 791 de
317 753 432 794 eausa
454 744 603 808 motus,
631 740 661 809 3,
688 738 748 799 188
770 759 834 819 sq:
942 783 946 788 -

225 837 383 898 llo-ine
404 840 448 899 ati
470 861 560 920 porro
583 843 699 921 possint
720 844 837 924 inpulsa
859 845 979 905 mereri.

226 943 357 1024 Namque
380 955 513 1007 moratur
534 966 612 1028 aqna
633 955 664 1008 et
685 949 804 1010 tantillo
829 951 985 1010 momine
1010 947 1107 1009 llutat.

182 1055 234 1106 aut
257 1048 292 1107 de
315 1049 380 1129 ipsa
402 1069 440 1110 re
461 1058 578 1124 mota,
601 1053 632 1125 6,
656 1057 738 1114 474ε

225 1154 292 1220 (luo
315 1156 411 1236 magia
433 1157 470 1216 ad
493 1157 575 1217 nubis
598 1160 751 1240 augendas
774 1159 866 1219 multu
886 1157 1024 1219 ridentur

209 1260 322 1319 ·l’osae
344 1279 460 1341 quoque
483 1280 499 1320 e
522 1261 604 1321 salso
627 1281 810 1346 consurgere
834 1263 993 1322 momine
1017 1260 1109 1341 ponti.

90 1367 200 1421 annua
220 1382 323 1421 numen
347 1364 382 1422 de
404 1371 485 1423 motu
508 1365 658 1426 varioet
674 1369 759 1449 quasi
775 1366 993 1429 voluntario
1016 1367 1047 1436 l,
1066 1361 1235 1444 180079)

87 1468 126 1526 de
150 1467 313 1528 mobilitate
335 1469 590 1530 simulacrorumz·
928 1466 932 1471 ’

222 1575 253 1631 ln
277 1593 361 1654 quem
384 1595 507 1655 eumque
529 1577 624 1635 locum
649 1576 766 1636 diverso
790 1573 941 1633 numine
963 1575 1097 1634 tendunt.

88 1687 121 1738 et
138 1679 176 1739 de
191 1701 261 1741 uera
276 1682 444 1752 nutatione,
468 1701 543 1760 quae
559 1683 622 1762 ipsa
637 1681 859 1742 voluntaria
874 1687 922 1738 est
941 1687 972 1740 et
986 1680 1101 1750 varia,
1116 1677 1234 1749 2,632:

221 1785 385 1844 Terrifieas
409 1787 533 1866 capitum
559 1788 724 1866 quatientes
748 1785 896 1844 numine
918 1785 1034 1843 oristas.

87 1891 176 1956 (luae
197 1909 261 1949 eum
285 1892 327 1950 ita
349 1891 417 1962 sint,
442 1891 566 1950 nondum
591 1912 634 1950 me
658 1891 789 1970 paenitet
812 1884 888 1968 apud
915 1888 1075 1969 Vergilium
1098 1889 1133 1946 A.
1160 1889 1188 1958 l,
1212 1887 1230 1945 8

85 2005 118 2055 et
141 1997 173 2066 2,
199 1997 259 2054 ¹23
282 1975 392 2054 asseruere¹
407 1995 625 2055 inclinationem
648 1995 735 2054 enimi
758 2014 793 2053 ae
814 1993 979 2053 uoluntatis
1002 1993 1122 2052 deorum
1143 1991 1232 2051 inter·

83 2108 235 2181 pretatum
257 2118 333 2160 esse.
379 2099 464 2164 Quod
488 2107 586 2158 autem
609 2098 800 2179 Ladewigius
822 2117 840 2156 a
862 2098 938 2156 Fato
961 2096 1071 2155 laesam
1093 2096 1231 2154 lunonem

82 2203 240 2284 intelligit,
266 2203 295 2260 id
319 2203 425 2263 neseio.
454 2222 490 2262 an
520 2210 650 2263 veterum
687 2203 724 2260 de
754 2202 831 2261 Fato
865 2200 1029 2259 sententiaa
1058 2200 1233 2260 adversetur

82 2330 171 2390 quarn
196 2309 328 2367 maxime.
375 2307 461 2372 Quod
484 2307 560 2366 enim
584 2307 652 2389 lege
673 2307 740 2366 Fati
754 2305 932 2365 immutabili
956 2305 1148 2365 coustitutum
1171 2313 1228 2373 est,

79 2417 110 2475 id
134 2414 205 2473 nihil
228 2413 347 2493 impedit
369 2413 437 2493 quin
461 2412 532 2472 deus
556 2413 645 2492 aliqui
669 2413 790 2472 dilatum
814 2418 992 2471 mutatumve
1013 2410 1095 2482 velit,
1118 2418 1151 2470 at
1169 2409 1229 2468 lae·

79 2541 147 2581 sum
168 2540 204 2580 ea
226 2539 258 2578 re
281 2518 443 2598 iniuriaque
467 2537 499 2575 se
521 2516 659 2576 allectum
683 2518 766 2596 queri
795 2538 853 2576 non
877 2517 955 2575 licet.

171 2625 207 2683 A.
222 2624 323 2695 Aaou
339 2640 402 2700 sqq.
447 2621 553 2700 Aspice
576 2622 620 2681 bis
644 2641 733 2680 senos
756 2621 896 2681 laetantis
918 2619 1035 2701 agmine
1058 2636 1177 2694 cycnos,

450 2725 589 2784 Aetheria
611 2746 685 2805 quas
708 2726 792 2806 lapsa
815 2726 906 2806 plaga
935 2723 1012 2784 lovis
1037 2720 1100 2780 ales
1121 2725 1224 2798 aperto

442 2832 596 2892 Turbabat
626 2833 728 2907 eaelo;
763 2853 839 2894 uuae
868 2841 964 2892 terras
995 2830 1097 2890 ordine
1130 2828 1223 2906 longo

444 2937 504 2996 Aut
516 2957 624 3017 capere
637 2947 689 2998 aut
699 2947 802 3018 captas
818 2938 874 2997 iam
888 2937 1061 3017 despectare
1071 2933 1222 2994 videntur:

444 3041 485 3100 Ut
507 3045 628 3112 reduces
656 3045 699 3103 illi
722 3045 826 3102 ludunt
847 3041 1037 3100 stridentibus
1060 3039 1115 3097 alis

442 3145 481 3203 ut
503 3154 589 3205 coetu
613 3148 733 3207 cinxere
755 3147 853 3226 polum
877 3154 1040 3224 cantusque
1061 3141 1177 3211 dedere,

442 3250 526 3309 Haud
549 3253 637 3311 aliter
658 3272 827 3332 puppesque
841 3259 909 3311 tuae
931 3249 1079 3330 pubesque
1103 3252 1220 3303 tuorum

440 3355 498 3414 Aut
520 3364 636 3437 portum
658 3364 751 3428 tenet,
774 3366 826 3416 aut
847 3357 938 3437 plano
957 3354 1035 3413 subit
1049 3351 1127 3410 ostia
1140 3350 1217 3409 velo.

72 3452 268 3534 hadewigius
291 3456 416 3516 membra
439 3459 524 3518 huius
547 3461 777 3540 comparationis
806 3461 909 3519 luxata
932 3460 1081 3539 ipsamque
1103 3474 1217 3532 eompa-

71 3559 219 3618 rationem
243 3559 378 3621 vitiosam
407 3583 473 3624 esse
501 3574 611 3625 censet.
669 3567 806 3626 Pertinet
837 3567 883 3637 id,
915 3564 993 3644 quod
1024 3563 1119 3621 altero
1149 3559 1216 3618 loeo

72 3661 243 3744 posuimus,
273 3665 311 3724 ad
333 3685 436 3726 munus
466 3669 649 3749 interpretis,
680 3691 737 3731 non
764 3671 875 3743 eritiei3
900 3670 1000 3749 itaque
1028 3668 1102 3725 hane
1132 3683 1217 3743 quae·
1285 3728 1288 3732 ,

71 3770 199 3828 stianam
231 3788 307 3829 nuno
336 3791 519 3852 seponamus.
575 3776 735 3838 Existimat
763 3785 858 3837 autern
890 3771 1081 3853 Ladewigius
1100 3787 1214 3828 -rersus

69 3877 128 3935 hos
151 3893 168 3932 a
190 3882 280 3952 poeta
298 3877 354 3936 hoo
377 3878 477 3938 ordine
500 3879 664 3942 collocatos
688 3883 796 3943 luisse:
890 3911 919 3966 ρ
1219 3868 1222 3874 ¹

201 3979 306 4060 Aspice
329 3980 372 4041 bis
394 4003 482 4043 senos
506 3985 644 4047 laetantia
667 3990 785 4070 agmine
808 4007 926 4065 cycnos.
997 4065 1000 4069 Ι

203 4089 242 4148 Ut
264 4085 387 4176 reduces
411 4091 454 4150 illi
477 4093 580 4153 ludunt
602 4096 792 4156 stridentibus
814 4097 881 4168 alis,

199 4191 239 4251 Et
260 4203 347 4254 coetu
370 4195 488 4256 cinxere
511 4200 607 4279 polum
632 4209 794 4281 cantusque
816 4201 932 4272 dedere,

200 4297 340 4358 Aetheria
363 4321 436 4381 quos
459 4304 542 4386 lapsa
563 4304 655 4386 plaga
676 4306 755 4366 lovis
778 4305 840 4365 ales
863 4314 966 4384 aperto
