2842 4817
181 210 244 271 116
613 205 733 272 untncppt
750 205 887 270 wmsa

179 363 307 434 ballum,
335 363 414 442 quad
436 362 533 423 sulnitn
566 366 721 420 exarserat
751 360 831 418 irtcr
852 359 992 418 Toucros
1013 364 1045 418 ct
1064 349 1231 436 Ausonios,
1266 354 1332 436 suis

183 487 217 528 ss
238 465 369 527 consiliis
399 463 548 526 madasca
568 463 735 545 ploratur,
771 462 843 522 nihil
872 442 1218 525 anonomaston
1239 459 1331 520 uim-

182 592 244 632 sum
268 572 303 630 als
329 591 384 642 co,
419 571 497 650 quod
529 589 617 631 vorsu
641 570 703 631 att
734 567 843 628 dictum
873 573 930 626 cst.
976 566 1078 645 ltaque
1100 586 1144 627 vs.
1167 565 1230 624 547
1252 563 1330 623 malo

180 675 316 757 protasis
337 692 404 736 asso
426 693 560 736 versuum
585 672 801 742 cauliculorum,
823 691 882 750 qno
904 669 955 743 fis,
978 678 1012 730 ut
1031 669 1111 731 dicat
1131 668 1250 735 Allucio
1271 689 1331 754 rou

180 779 347 842 oontcutann
371 800 426 851 sn,
449 779 527 858 quod
550 777 697 838 duronius
716 775 930 855 :implicavissct
952 774 1029 834 ballo
1041 816 1050 845 ,
1078 793 1111 856 sc
1133 773 1220 833 ctiam
1242 771 1330 833 finiti·

182 905 244 946 unas
265 885 351 948 urbas
373 883 589 944 concitaturum
614 883 756 945 adversus
779 881 927 941 Teucros.
964 880 1032 945 (lua
1053 879 1082 939 in
1096 878 1240 955 orationis
1255 898 1331 938 com·

183 1013 261 1074 paga
284 991 355 1050 nihil
378 989 511 1062 irvanio,
534 989 612 1069 quod
635 987 796 1066 vituperari
817 987 881 1045 iura
902 985 1009 1064 possit.

272 1099 343 1156 Aen.
356 1098 388 1166 8,
401 1097 475 1156 532.
520 1095 564 1154 Na
586 1113 675 1164 voro,
698 1094 825 1172 haspas,
848 1111 884 1152 no
906 1111 1016 1171 quaurc
1038 1089 1187 1171 profacto,

476 1200 568 1265 (luam
593 1219 691 1259 casum
708 1205 848 1278 portenta
861 1196 974 1256 larunt:
996 1217 1056 1277 ago
1074 1195 1330 1284 poscortllympc.

189 1339 193 1346 ·
270 1307 312 1366 ln·
325 1306 424 1387 priora
446 1323 533 1366 vorsu
556 1304 599 1364 ita
625 1304 810 1384 interpungit
831 1301 1040 1383 Ladcwigius:

461 1410 505 1468 Na
524 1429 608 1480 varo,
631 1409 753 1489 liospas,
776 1429 812 1469 uc
827 1427 947 1488 quaero,
970 1389 1106 1486 profacto
1121 1403 1215 1468 Quam
1227 1421 1253 1462 o.
1265 1424 1294 1483 p.
1305 1401 1332 1462 f.

185 1518 287 1576 Utrum
310 1516 454 1574 rationem
476 1522 618 1594 sequatur
639 1515 796 1593 Hauptius,
819 1513 960 1573 incertum
982 1509 1121 1590 relinquit
1143 1508 1207 1567 aius
1229 1509 1332 1568 editio.

180 1621 370 1700 Lndcwigius
389 1624 519 1692 profacto
542 1619 723 1698 participium
748 1618 825 1679 vorbi
845 1619 991 1690 proficisci
1006 1634 1074 1674 ossa
1093 1613 1157 1676 vult
1178 1613 1265 1693 idque
1285 1613 1333 1673 fu·
1410 1612 1411 1669 ]

183 1726 241 1785 turi
264 1724 364 1784 exacti
393 1721 611 1803 significatione
640 1723 802 1803 praeditum
831 1723 890 1782 ait:
924 1740 1034 1801 „quam
1063 1739 1161 1778 casum
1191 1728 1332 1799 portanto

180 1828 279 1890 ferant
307 1827 459 1908 profacto,
490 1828 619 1888 Pallanti
649 1836 742 1907 puta,
776 1828 796 1887 i.
824 1848 851 1887 a.
881 1846 945 1886 cnm
973 1826 1011 1885 ad
1039 1824 1146 1885 ballum
1175 1823 1331 1904 profectus

185 1929 270 1994 arit.”
313 1933 488 1992 Portentum
512 1932 568 1990 lroc
591 1930 645 2003 fit,
667 1933 733 1992 dum
757 1935 871 1992 dancus
894 1939 941 1991 cst
962 1932 1038 2011 apud
1061 1929 1237 1990 Euandrum.
1272 1931 1331 1990 lto»
1410 2000 1411 2005 ἵ

187 2057 243 2118 quc
266 2037 310 2108 is,
333 2035 479 2106 Euander,
502 2034 641 2094 facillimo
664 2035 692 2094 iu
716 2055 780 2094 cam
803 2035 968 2114 opinionem
990 2035 1090 2096 vacua
1111 2035 1218 2115 potuit,
1241 2040 1276 2094 ut
1292 2037 1331 2094 ad

185 2161 218 2201 sa
239 2159 367 2221 suasque
389 2159 439 2200 ros
460 2140 532 2200 illud
556 2141 702 2220 pertinere
726 2159 907 2220 grauemquo
936 2139 1062 2220 aliquam
1083 2159 1181 2198 casum
1204 2139 1258 2200 sili
1280 2140 1331 2200 mi·

181 2246 245 2308 nari
269 2235 479 2318 arbitraretur3
501 2245 548 2304 cni
571 2244 672 2304 eximit
696 2244 811 2304 Aconas
834 2244 978 2314 timorum,
998 2243 1052 2303 sibi
1074 2244 1103 2303 id
1117 2243 1233 2324 signum
1252 2244 1332 2304 mitti

182 2349 346 2411 affirmans.
390 2349 456 2410 Non
479 2348 671 2409 dubitabimus
696 2348 822 2427 qnidam,
845 2349 913 2428 quic
936 2349 1082 2420 Euander,
1106 2347 1228 2408 audiens
1241 2348 1331 2408 istum

184 2454 328 2525 sonitum,
350 2453 449 2512 statim
473 2453 509 2512 dc
531 2450 593 2513 filio
616 2452 652 2512 ad
676 2452 782 2511 ballum
806 2451 979 2533 profecturo
1002 2453 1157 2523 metuerit,
1186 2453 1239 2511 sed
1259 2454 1333 2533 quia

182 2559 225 2618 ita
246 2578 312 2618 essa
335 2566 488 2637 nostrapte
511 2564 617 2638 sponte
640 2557 857 2629 existimamus,
881 2577 939 2616 non
961 2565 1027 2618 crat
1049 2575 1170 2618 accesso
1192 2577 1256 2616 cnm
1280 2579 1332 2616 no·

185 2664 315 2722 minutim
338 2661 512 2744 significari.
556 2662 633 2721 Nihil
658 2663 781 2722 dcbcbat
802 2666 917 2722 daucos
939 2662 1052 2734 dicare,
1085 2662 1141 2722 nisi
1163 2663 1235 2722 hoc:
1267 2685 1335 2736 „nc

189 2787 314 2848 quaero,
345 2767 422 2846 quod
446 2765 638 2828 infortunium
671 2767 732 2844 (val
756 2767 807 2827 tibi
830 2767 875 2828 ucl
899 2768 1015 2847 utrique
1047 2769 1193 2848 nostrum)
1225 2769 1333 2848 impen-

188 2874 274 2946 deat3
305 2891 399 2952 uaquc
420 2873 497 2932 cuim
519 2871 587 2932 mali
608 2872 763 2952 quidquam
793 2873 995 2952 portenditur3
1025 2875 1061 2933 ad
1092 2894 1138 2932 uc
1158 2882 1275 2953 spectat
1297 2895 1335 2934 ca

187 2998 252 3038 ras:
275 2998 333 3058 ogo
357 2978 505 3057 poscor,''
526 2977 643 3038 ,scilicet
665 2977 702 3038 ad
725 2997 805 3038 arma
827 2979 1011 3057 accipianda,
1028 2979 1056 3037 id
1080 2979 1156 3058 quod
1178 2979 1335 3062 declarant

183 3103 287 3144 versus
310 3083 432 3143 subiecti
455 3083 615 3142 nas—36.
659 3083 742 3142 Hauc
771 3102 829 3164 ogo
852 3084 1028 3144 seutentiam
1050 3088 1166 3143 lancos
1188 3085 1285 3143 manti·
1302 3093 1335 3144 ct

186 3187 315 3247 orationi
336 3185 640 3247 convenientissimam
662 3205 729 3245 csso
750 3187 866 3259 iudico,
897 3187 1018 3267 ipsaque
1047 3187 1233 3267 simplicitate
1255 3207 1333 3246 com·

60 3362 63 3368 Ι
183 3290 381 3351 mandabilam.
427 3289 481 3349 llla
503 3298 600 3349 autera
622 3309 658 3370 nc
680 3308 749 3350 uero
771 3334 780 3350 .
804 3334 813 3351 .
837 3335 844 3350 .
865 3309 902 3352 oc
925 3297 1058 3368 proseuta
1089 3291 1242 3371 aptissima
1262 3301 1334 3352 suot

181 3397 217 3456 ad
241 3395 421 3456 indicandam
444 3415 580 3476 miagnam
600 3396 718 3456 Aeneae
740 3386 941 3476 suspitionem,
963 3398 1131 3456 Euandrum
1152 3405 1217 3457 toto
1234 3398 1332 3457 auimo

184 3501 375 3561 conterritum
397 3519 473 3559 ossa.
505 3501 546 3558 Ac
569 3500 594 3560 si
617 3501 653 3561 do
669 3499 807 3561 Pallanta
820 3501 1003 3580 potissimum
1024 3502 1191 3582 cogitasset
1203 3502 1332 3575 Aeacos,

184 3605 345 3676 concedas,
369 3605 492 3683 opinor,
524 3604 708 3675 dnthoui,
741 3605 902 3685 Vergilium
931 3606 1107 3685 scripturum
1129 3604 1222 3666 fuisso
1246 3607 1333 3678 Quem

185 3720 317 3784 portenta
336 3713 436 3783 seruat
456 3727 565 3779 cusum,
589 3709 608 3768 i.
631 3728 657 3770 a.
681 3709 730 3788 qui
753 3709 792 3768 sit
813 3710 856 3780 is,
887 3726 970 3788 quam
992 3717 1132 3790 portenta
1152 3708 1263 3780 ferant,
1284 3730 1334 3770 ca-

185 3833 250 3890 sus3
274 3833 349 3872 nunc
372 3831 436 3872 cum
459 3813 515 3872 huc
539 3813 639 3872 ordina
671 3814 823 3893 scripserit
853 3816 938 3887 (locas
962 3834 1055 3874 cocum
1074 3824 1206 3890 pateam
1224 3821 1333 3905 sucat,

183 3919 313 3978 ostendit
336 3918 372 3977 da
395 3937 431 3976 an
462 3917 617 3978 dumtaxat
643 3917 710 3998 agi,
744 3895 869 3977 casdsuc
898 3918 989 3998 aliqui
1017 3939 1056 3980 aa
1078 3920 1156 3980 aliud
1186 3920 1335 4000 quippiam

183 4021 387 4103 portendatur.
432 4025 473 4082 ilc
497 4041 532 4081 nc
555 4021 636 4082 forte
659 4023 787 4082 otiosum
809 4030 909 4103 putas,
941 4025 1018 4102 qnod
1040 4026 1136 4085 ucrlis
1157 4045 1209 4102 opo
1228 4044 1335 4104 poscor

181 4128 331 4200 adiicitur,
355 4129 480 4202 Olympo,
504 4126 532 4186 id
558 4146 643 4205 quam
665 4127 722 4186 vim
742 4127 859 4199 habeat,
882 4129 990 4207 optimc
1005 4131 1175 4210 perspicias,
1199 4131 1235 4208 si,
1257 4150 1335 4211 quac

182 4233 310 4293 breviter
333 4233 463 4311 loquitur
486 4231 617 4302 Aconas,
642 4231 818 4314 dilataveris
840 4233 916 4291 huuc
936 4233 965 4292 io
987 4236 1119 4312 modum:
1153 4255 1255 4317 „ogo
1271 4258 1333 4315 pu.

185 4356 268 4400 scor
289 4346 319 4399 ct
342 4336 514 4421 Olympus
539 4335 623 4418 (daus
647 4335 751 4418 aliqui)
784 4355 837 4394 mo
858 4338 1016 4418 poscit”.
1040 4373 1080 4384 -
1125 4340 1230 4400 Varum
1252 4349 1335 4422 pote·
