2842 4817
462 209 605 260 Lectiones
623 207 807 273 Vergilianas.
1155 205 1196 265 79

5 439 6 446 ¹
61 364 89 420 in'
109 363 194 422 Varr.
217 363 330 434 lectt,
353 363 482 422 retinent
503 361 619 421 eosdem
642 361 782 431 Jaboias,
810 359 1019 439 Ladewigius,
1042 360 1200 439 llauptius,

5 523 7 556 ,
62 469 108 545 qui
139 468 253 547 quidem
284 466 420 544 pervelim
443 467 519 526 scire
542 465 644 545 quibus
680 465 842 523 rationibus
873 464 978 522 ductus
1010 462 1197 543 Vergilianas

62 590 127 630 esse
148 572 202 630 sibi
225 572 413 650 persuaserit.
458 572 542 637 Quae
562 590 599 628 ex
615 588 651 628 eo
667 576 809 647 tempore,
830 587 889 646 qao
903 566 1062 647 Vergilium
1079 567 1197 646 primum

5 711 6 748 ,
63 675 147 746 edidi,
171 676 287 754 prolata
310 676 436 736 suntad
459 695 511 746 ea,
533 693 609 753 quae
631 673 820 752 scripseram,
843 670 1014 742 refutanda,
1048 672 1115 729 milri
1138 673 1199 751 qni·

4 775 6 882 p
63 780 125 838 dem
148 799 249 858 perum
272 780 368 840 valida
390 781 454 840 visa
488 787 566 838 sont.
611 778 694 836 Nunc
717 777 791 836 satis
813 776 905 835 babeo
936 776 1035 834 miram
1058 795 1200 834 commen·

4 943 6 960 .
64 884 234 944 taulabnii
259 885 468 967 aLadewigio
492 883 643 964 probatum
666 881 815 942 refellere.
855 881 928 941 Nam
950 901 1014 940 eum
1037 883 1090 941 illa
1112 885 1198 944 verbo

4 987 6 1124 p
63 993 263 1048 intercoelos·
285 1000 430 1064 mrcspae
452 989 632 1068 ineptissime
654 1007 721 1047 esse
747 986 816 1046 mibi
838 987 930 1046 videri
950 987 1107 1060 dixissem,
1130 1009 1199 1068 quo·

4 1135 5 1168 3
65 1095 140 1152 niem
162 1094 325 1154 blercurius
347 1094 428 1153 volet
450 1094 527 1152 inter
548 1093 691 1152 caelum
714 1111 754 1150 ae
776 1111 887 1162 mare,
917 1092 945 1149 id
968 1092 1044 1170 quod
1068 1113 1084 1151 e
1106 1095 1200 1154 verbis

4 1179 6 1244 l
63 1219 90 1256 se
113 1202 240 1258 nisitcd
255 1203 345 1256 andes
367 1198 534 1279 planissime
555 1195 743 1278 intelligitur,
765 1197 889 1255 lalunius
903 1197 946 1254 ait
969 1197 1116 1255 istainter
1136 1217 1202 1256 cce-

4 1247 6 1358 l
64 1307 118 1360 lasa
141 1314 286 1378 terresque
308 1304 404 1360 colore
434 1299 625 1380 proverbialis
655 1301 814 1359 locutionis
842 1301 967 1380 speeiem
996 1301 1119 1372 bebere3
1150 1302 1201 1360 sed

4 1386 6 1440 i
65 1415 198 1465 natarent
221 1406 284 1465 eiua
307 1405 450 1484 proverbii
474 1405 624 1484 explicere
645 1405 828 1485 supersedit,
862 1405 1032 1475 merides,
1056 1405 1201 1484 quomodo

4 1541 5 1584 ,
64 1511 207 1590 explicari
231 1511 342 1589 possit3
371 1511 449 1571 etsi
472 1509 545 1571 adeo
569 1511 679 1590 possit,
711 1518 808 1568 tamen
830 1509 887 1567 boc
908 1517 973 1581 est,
1003 1509 1081 1588 quod
1102 1510 1203 1570 dicunt

4 1587 6 1642 l
63 1615 210 1674 dialectici
233 1635 251 1673 e
274 1634 361 1693 posse
386 1603 431 1673 ad
445 1633 511 1674 ease
534 1614 751 1674 conclusionem
773 1611 884 1672 facere.

153 1718 227 1778 Aen.
250 1720 281 1788 l,
304 1720 378 1777 273.

200 1824 273 1880 272.
323 1823 355 1880 Si
376 1832 403 1880 te
423 1825 500 1880 nulla
522 1831 612 1878 nocet
632 1830 774 1877 matam
798 1821 893 1894 ylario
914 1838 1020 1892 νοιιιιι,

321 1927 382 1985 Nec
404 1947 493 2007 super
516 1927 578 2005 ipse
600 1935 652 1983 tua
675 1925 787 1982 moliris
809 1923 896 1982 laude
918 1923 1057 1998 laborem,

323 2034 473 2089 decaniam
494 2041 649 2105 carpentem
673 2071 681 2089 .
704 2072 711 2087 .
737 2073 744 2088 .
765 2035 882 2102 respice.
1252 2107 1254 2111 .

66 2135 221 2214 Expungit
244 2134 434 2216 ludewigius
457 2153 570 2194 versum
596 2137 674 2205 273,
705 2134 899 2192 desideratum
922 2132 951 2189 in
974 2131 1104 2192 llediceo
1127 2133 1204 2191 aliis·

67 2259 126 2317 que
150 2239 255 2312 codd.;
280 2239 352 2298 fecit
375 2240 449 2298 idem
472 2239 638 2318 Hauptius3
668 2259 725 2296 non
755 2246 837 2296 reete
860 2255 923 2296 meo
947 2237 1059 2316 quidem
1080 2237 1203 2310 iudicio;

66 2363 134 2402 nam
163 2363 226 2404 cum
257 2344 540 2424 quinque-integris
578 2321 948 2416 uersibusi232-23tlJ
979 2341 1118 2400 conclusa
1147 2343 1206 2401 sint

66 2451 206 2509 mandata
228 2450 328 2522 iovis,
356 2450 429 2510 velis
452 2469 487 2509 ca
510 2451 630 2509 totidem
653 2446 856 2526 comprehendi
884 2446 1025 2504 anuntio
1049 2447 1205 2504 secundum

3 2549 4 2568 ³
67 2554 235 2633 exemplum
258 2555 384 2614 llomeri.
429 2555 559 2624 Accedit,
583 2555 658 2634 qaod
682 2571 786 2613 versus
810 2552 883 2620 273,
906 2568 964 2628 quo
988 2551 1052 2628 quis
1073 2548 1205 2609 fortasse

3 2685 5 2744 l
67 2679 165 2738 aequa
189 2661 284 2718 animo
308 2661 435 2718 caruerit
458 2667 602 2738 tamquam
627 2679 644 2716 a
666 2657 832 2736 superiore,
863 2655 889 2712 si
918 2656 1093 2713 sententiam
1124 2674 1205 2734 spec·

68 2771 126 2834 tes,
166 2764 242 2821 baud
272 2763 390 2822 multum
421 2764 566 2834 diuerso,
585 2765 699 2823 minime
730 2779 965 2840 supervacaneus
993 2758 1082 2818 uideri
1109 2760 1205 2831 debet,

68 2870 177 2947 quippe
201 2868 248 2946 qui
270 2868 439 2926 acerrimum
463 2867 774 2927 admoueatatimulum
797 2865 832 2923 ad
857 2864 1052 2944 instigandum
1069 2864 1206 2923 Aeneam.

68 2974 143 3031 Nam
167 2973 233 3030 istis
256 2972 350 3032 verbis
372 2977 403 3031 Si
424 2983 450 3030 te
470 2975 546 3030 nuda
568 2981 657 3031 moret
677 2982 819 3029 tenturam
834 2971 926 3044 pieria
948 2987 1044 3026 reram
1058 2970 1206 3050 attingun-

67 3087 118 3138 tur
138 3099 187 3138 res
209 3079 328 3137 deorum
350 3077 530 3158 benignitate
549 3080 666 3137 Aeneae
689 3078 848 3156 promissae
871 3074 926 3146 (cf.
943 3097 985 3135 vs.
1011 3079 1209 3162 att-231),

3 3185 4 3248 l
68 3192 102 3242 at
123 3201 229 3243 versus
253 3184 400 3243 subiectus
423 3188 500 3255 „Nec
523 3228 530 3243 .
555 3229 560 3240 .
586 3181 761 3242 ‚laboreffl
792 3183 947 3263 segnitiem
970 3182 1130 3260 exprobret
1151 3184 1207 3243 Ae·

3 3249 5 3382 l
69 3307 155 3358 neae,
179 3307 324 3367 quaeres
347 3288 497 3367 plurimam
521 3289 605 3347 debet
626 3289 726 3348 valere
748 3288 823 3368 apud
852 3286 960 3345 fortem
984 3287 1115 3345 animam.
1163 3288 1207 3348 Vi·
1259 3320 1262 3329 ν

3 3387 4 3444 i
67 3394 122 3452 des
146 3394 257 3474 igitur,
287 3394 473 3464 Antlroni,
505 3394 613 3452 omisso
638 3395 692 3451 boc
714 3412 802 3452 versu
825 3399 936 3470 partem
965 3391 1092 3450 mandati
1113 3392 1208 3451 omitti

3 3449 5 3574 l
68 3501 276 3580 gravissimam
299 3509 329 3558 et
353 3499 426 3556 baad
450 3498 512 3556 scio
527 3518 563 3556 ao
582 3498 786 3557 necessarium.
832 3497 967 3554 Ceterum
990 3494 1109 3555 sifarte
1123 3516 1208 3576 quae·

3 3581 5 3610 ’
67 3603 123 3674 ris,
146 3623 204 3682 quo
227 3621 297 3661 casu
320 3603 454 3663 videatur
477 3602 522 3659 bic
543 3602 705 3662 versiculus
728 3601 889 3669 excidisse,
913 3599 981 3657 nilril
1006 3598 1122 3658 facilius
1144 3599 1209 3660 lieri

67 3707 188 3786 potnit,
213 3707 281 3786 quid
296 3707 370 3766 enim
387 3706 498 3776 mirum,
520 3706 544 3763 si
568 3706 677 3764 librarii
702 3703 869 3763 memoriter
891 3704 972 3772 baec,
996 3704 1101 3782 quippe
1123 3705 1209 3764 modo

3 3835 5 3942 p
69 3814 159 3882 lecte,
187 3820 347 3871 exarantes
371 3830 423 3869 nec
452 3810 634 3888 exemplam,
665 3810 741 3868 unde
774 3807 988 3878 describebant,
1024 3808 1223 3887 inspicientes

3 3943 4 3962 ι
68 3933 158 3974 unum
180 3935 297 3975 versum
318 3915 486 3975 omiserintt

159 4020 233 4079 Aen.
256 4027 287 4092 t,
311 4024 383 4080 408.
429 4021 495 4091 ouis
518 4021 567 4077 tibi
591 4029 660 4090 tum,
679 4021 762 4090 Dido,
785 4019 911 4075 cernmti
933 4015 1002 4070 telio
1023 4031 1126 4083 sensas,

3 4163 5 4226 l
146 4159 150 4182 ι
204 4128 310 4198 ansce
331 4126 419 4182 dobes
441 4129 565 4200 pensitas,
588 4144 651 4183 cam
672 4128 758 4183 litora
778 4127 890 4193 fenne
910 4121 966 4176 lete

3 4229 4 4244 ³
204 4233 381 4304 Prospiceres
404 4237 460 4287 etc.

69 4349 143 4395 tanc
161 4334 363 4416 Ladewigius,
385 4333 522 4393 dabnium
546 4343 679 4404 secutus,
695 4311 786 4414 'quen
809 4338 905 4389 tamen
928 4327 996 4387 alibi
1020 4347 1076 4385 non
1099 4326 1210 4385 monito
