2842 4817
180 142 226 207 40
618 146 741 213 Philippi
757 146 893 211 ngncri

180 300 295 361 ostendi
319 300 348 357 in
370 300 453 359 h'srr.
476 300 573 360 Laott.
627 301 730 381 ltaque
761 302 837 361 nolo
860 302 999 383 vestigiis
1018 302 1141 363 Modiosi
1163 303 1317 361 inhaerens

180 405 308 463 rotinere
331 407 406 477 (trata

223 509 295 568 Aen.
318 512 349 581 5,
371 512 445 570 734.
665 510 727 569 Neo
749 526 796 567 sse
816 512 903 583 inpie
925 524 1046 584 somus

492 616 613 671 Tartaro
636 614 740 671 haheat
759 613 897 673 tristem
918 613 1043 671 andree

179 719 321 791 tristesque
343 716 534 799 Ladewigius
556 736 620 776 cans
640 717 768 791 Jahnio;
790 717 935 797 lleuptins
954 721 1097 787 uisuros,
1128 715 1171 774 uti
1193 734 1236 773 no
1258 714 1318 773 edi·

179 820 258 880 disse
281 822 406 881 nondum
427 823 568 903 paenitet.

265 926 337 985 hen.
361 930 391 999 5,
415 930 488 987 768.
534 930 612 1001 ipsos
632 930 689 983 tons
713 934 831 997 matres,
854 928 917 998 ipsi,
939 926 1036 1000 quidus
1056 942 1158 997 aspero
1178 927 1322 998 quondum

535 1030 600 1088 Viso
621 1032 817 1103 statisfaciat
838 1037 866 1086 et
886 1047 944 1086 soa
964 1028 1109 1086 tolerchile
1131 1033 1242 1085 dunen.

179 1152 279 1191 comeo
301 1133 493 1214 Ladewigins
516 1153 578 1193 curn
604 1132 723 1204 lalrnio,
747 1132 815 1191 item
838 1127 993 1211 linnptius.
1015 1150 1116 1189 aenea
1139 1130 1319 1190 commenda·

180 1247 228 1297 tur
250 1238 429 1297 auctoritate
451 1236 603 1310 codicum,
624 1256 726 1295 comeo
749 1245 796 1295 est
819 1256 837 1295 a
859 1257 903 1315 pr.
927 1255 1011 1295 mann
1033 1236 1061 1294 in
1084 1235 1230 1307 mediceo,
1254 1254 1319 1295 cor·

179 1351 287 1403 rectum
310 1343 345 1403 ab
367 1342 463 1402 altera
485 1362 604 1415 nomem
627 1354 780 1423 praeterea
803 1361 820 1399 e
842 1340 922 1399 nullo
941 1340 1015 1401 libro
1030 1350 1178 1400 enatetum
1201 1341 1320 1421 reperio

178 1464 287 1507 comeo.
333 1448 452 1529 Negant
483 1450 554 1508 mari
585 1448 671 1508 tribui
702 1468 817 1506 numen.
862 1446 951 1526 Atqui
981 1447 1059 1505 intcr
1084 1446 1154 1505 deos
1185 1454 1321 1506 numerat

178 1546 259 1610 hiare
282 1552 390 1633 llygin.
414 1549 472 1612 fab.
496 1550 638 1631 praefat:
685 1550 752 1622 „Ex
775 1551 902 1610 Aethere
924 1556 955 1610 et
977 1548 1033 1611 Die
1054 1551 1163 1623 Terra,
1187 1548 1321 1623 Caelum,

177 1652 317 1726 hiare,’'
339 1663 369 1715 et
392 1656 480 1735 paulo
499 1662 567 1736 post
590 1656 654 1727 „Ex
671 1650 769 1715 Ponto
783 1654 918 1714 ethiani
930 1653 1115 1713 Oceanitides
1124 1650 1154 1713 θ’
1175 1647 1215 1713 cf.
1229 1654 1321 1717 etiarn

179 1760 299 1819 lancian.
323 1759 399 1819 Diei.
416 1781 486 1821 mar.
505 1764 552 1821 tt.
587 1760 651 1820 Uno
675 1760 817 1821 vocabulo
840 1759 956 1818 Maris
978 1754 1183 1839 complectitur
1202 1755 1323 1817 nuntiae

155 1859 288 1923 'marina
311 1860 459 1945 Vergilius
484 1869 534 1936 12,
554 1866 624 1925 197.
670 1864 709 1922 ht
732 1862 844 1923 nefarie
867 1862 967 1923 fecere
989 1866 1032 1922 ait
1045 1862 1245 1944 hedewigins‚
1267 1864 1322 1942 qni

179 1987 282 2027 numen
305 1969 403 2027 dicant
418 1967 499 2027 into
510 1967 648 2029 lerahil
660 1985 693 2041 ος
718 1985 783 2027 nunt
796 1968 889 2048 igitur
900 1966 1042 2040 nefarius,
1061 1975 1094 2026 nt
1104 1976 1216 2027 taceant
1230 1966 1322 2040 alios,
1397 1954 1411 1977 '⁸

178 2068 330 2145 Tibullus,
360 2070 407 2152 qui
430 2073 564 2132 crudeles
587 2070 677 2144 deos,
701 2065 803 2151 ὠμοὺς
826 2067 987 2151 δαίμονας,
1019 2072 1149 2152 appellat
1175 2075 1202 2145 l,
1225 2078 1256 2145 t,
1275 2074 1321 2132 35

178 2174 391 2250 „Crudeles
414 2176 483 2249 divi,
505 2198 626 2258 serpens
648 2192 742 2237 novus
765 2176 848 2237 exuit
863 2195 970 2238 annos:
1004 2178 1129 2237 formae
1149 2194 1206 2237 noo
1227 2177 1323 2237 ullam

176 2282 240 2342 fata
262 2282 369 2341 dedere
391 2282 536 2355 moram”;
560 2282 628 2342 item
652 2283 715 2363 ipse
739 2282 850 2363 Vergil.
873 2282 936 2342 uel.
959 2287 989 2354 5,
1014 2284 1064 2343 23.
1111 2282 1197 2349 Quod
1220 2291 1322 2343 eutem

176 2387 294 2465 proprie
316 2385 371 2444 dici
394 2393 512 2465 poterat
534 2386 562 2446 in
579 2406 622 2459 re,
644 2387 690 2445 cni
713 2386 785 2446 deus
807 2386 896 2466 aliqui
920 2394 1047 2466 praeest,
1070 2404 1123 2446 eur
1145 2408 1203 2446 non
1220 2386 1323 2447 licebit

177 2492 328 2569 adipsum
352 2488 485 2549 referret
530 2491 572 2549 hc
596 2492 620 2549 si
644 2492 722 2571 qnod
746 2502 848 2551 numen
872 2491 945 2551 adeo
969 2510 1086 2552 saevum
1110 2501 1175 2563 est,
1198 2502 1231 2550 ut
1254 2492 1322 2553 eius
1400 2517 1404 2526 ·

176 2597 249 2666 vim,
272 2594 297 2653 si
320 2596 433 2674 possis,
457 2613 574 2674 quoquo
599 2594 683 2654 modo
707 2585 801 2656 uitare
824 2595 925 2667 malis,
957 2593 1055 2676 quidni
1077 2594 1157 2656 dices
1180 2597 1322 2656 intolera-

58 2722 60 2727 ·
175 2697 249 2759 hiiel
294 2700 356 2759 Hoc
390 2698 538 2759 acciderat
570 2700 605 2759 iis
629 2699 789 2779 quondam,
825 2700 873 2780 qni
901 2700 1018 2780 experti
1040 2702 1126 2760 maris
1149 2700 1322 2762 violentiam

177 2803 334 2863 horrebant
357 2804 451 2863 denuo
474 2824 507 2863 se
533 2804 559 2865 ei
583 2805 774 2865 committere.
808 2805 950 2884 Denique,
974 2806 1000 2864 si
1022 2806 1068 2865 cni
1083 2801 1210 2865 nondum
1225 2806 1323 2867 omnis

176 2914 312 2987 exempta
336 2909 375 2967 sit
397 2908 551 2981 dubitatio,
574 2910 641 2989 quid
663 2916 747 2971 vetat
764 2924 867 2969 uunen
883 2909 1068 2971 lutolerahile
1083 2910 1111 2969 h.
1127 2910 1146 2970 l.
1161 2926 1227 2971 esse
1243 2908 1321 2971 ἀνυ-

174 3010 333 3083 no'otosov,
359 3012 387 3070 in
411 3030 468 3090 qno
491 3016 528 3071 ne
549 3013 648 3071 umbra
672 3014 786 3092 quidest
817 3013 878 3073 ulla
900 3021 947 3073 est
970 3015 1185 3074 contumelisel
1228 3016 1322 3076 Prec-

175 3122 257 3175 terea
281 3115 330 3194 qui
352 3133 452 3173 noman
475 3124 612 3187 tuentur,
642 3117 761 3178 videant
782 3117 885 3188 velint,
914 3136 981 3175 num
1011 3118 1067 3176 hoc
1096 3127 1176 3177 reete
1203 3120 1325 3179 dicatur

175 3220 298 3300 „quihus
322 3220 465 3299 qnondam
494 3222 586 3281 vianna
617 3230 663 3281 est
692 3224 779 3282 maris
808 3239 913 3281 nornen
941 3222 1172 3283 intolerabile’‘l
1201 3224 1322 3285 rcthunn

174 3328 266 3384 uideri
288 3323 419 3384 refertur
441 3325 476 3384 od
501 3324 651 3400 iudicium3
686 3334 775 3405 atque
805 3328 833 3384 in
857 3326 873 3384 f
878 3327 963 3385 acie
993 3328 1105 3407 quidese
1128 3328 1216 3387 maris
1240 3329 1321 3391 inre·

175 3431 255 3501 nias,
291 3430 367 3490 node
389 3430 585 3489 coniecturam
608 3431 644 3490 de
667 3432 731 3511 ipso
754 3431 854 3491 facere
877 3432 994 3510 possis,
1025 3445 1084 3491 non
1111 3432 1183 3491 ttent
1205 3434 1234 3491 in
1257 3436 1323 3495 no·

173 3538 286 3609 nina3
309 3556 413 3596 nomen
437 3538 524 3596 maris
547 3538 732 3598 intolerabile
754 3558 855 3610 esse,
880 3556 937 3598 nou
961 3539 1108 3610 videri,
1131 3546 1240 3618 potest.

260 3642 332 3700 Aen.
344 3643 375 3713 5,
385 3642 460 3701 821.
490 3642 640 3701 Subsident
659 3645 769 3711 eadee,
792 3647 977 3717 umidumque
998 3644 1047 3700 suh
1070 3658 1126 3702 ces
1147 3646 1257 3702 manati

492 3750 632 3805 Sternitur
641 3761 748 3821 ecquos·
757 3751 846 3822 rpus,
861 3746 1075 3828 fugiuutrasto
1092 3748 1211 3806 aethere
1220 3749 1321 3806 simii.

173 3848 215 3907 ito
237 3848 354 3928 scripsit
376 3848 577 3929 Ladewigius,
600 3850 728 3909 lahoiun
751 3859 880 3924 mutos,
897 3869 957 3911 neo
971 3853 1059 3912 aliter
1073 3852 1235 3930 Heoptios3
1256 3869 1320 3933 ego

169 3957 335 4028 septemque
356 3971 393 4010 ee
414 3955 507 4020 ceth,
539 3954 615 4032 quod
638 3954 667 4011 in
695 3954 762 4013 solo
784 3954 916 4015 hledieeo
938 3963 1049 4014 exstet.
1094 3956 1219 4015 Possunt
1241 3968 1321 4016 nunc

172 4058 273 4139 paucis
296 4058 341 4117 hic
363 4055 500 4137 defungi:
536 4076 677 4135 nnsqnsrn
703 4057 734 4115 in
757 4066 824 4117 toto
848 4059 979 4139 Vergilio
1004 4059 1090 4131 telis,
1121 4058 1217 4138 qualis
1246 4059 1321 4119 haec

172 4172 228 4233 est,
252 4168 320 4221 ante
344 4161 473 4240 quintam
496 4159 598 4240 pedena
621 4147 706 4219 elisio
729 4159 970 4240 deprehenditur,
994 4164 1100 4244 quippe
1119 4163 1206 4222 uinis
1228 4162 1319 4223 inele-

173 4288 259 4350 gans.
296 4257 354 4327 iana
378 4265 512 4329 examina
528 4278 648 4338 measti,
672 4266 809 4346 opti-e
831 4268 1018 4339 hathoni,
1039 4270 1114 4330 hanc
1136 4268 1318 4329 oratione-s
