2842 4817
460 221 604 271 Lectinncs
622 218 806 284 Vergiliaase.
1169 214 1210 273 bil

72 374 171 448 loonpo
191 374 292 447 Ιῑονοα,
316 375 462 435 Pacuvius
481 377 584 447 timeor
606 370 727 432 crines?
769 372 884 432 Probus
906 370 964 431 fnit
986 372 1072 430 berno
1094 370 1210 438 dectus,

72 478 119 535 sed
153 478 188 536 eb
211 498 273 537 es·
304 480 394 559 ipsam
428 498 565 549 censen,
599 486 632 537 nt
660 479 793 547 ridetur,
822 476 1007 555 antiquitatis
1038 475 1210 544 studiosior,

69 596 151 659 quoru
173 583 236 660 ipse
258 583 415 662 Vergilius.
461 585 506 642 llx
529 584 576 654 iis,
599 601 674 662 qnae
695 581 814 661 scripsit
835 581 972 651 Servius,
997 600 1054 639 aon
1077 586 1210 659 apparet,

71 692 163 741 utram
185 687 273 757 tiores
305 707 357 765 pre
386 688 506 766 antiqno
536 686 664 745 lectione
684 684 800 743 Prebns
822 684 1035 753 venditaverit,
1060 703 1096 740 au
1119 682 1210 759 ipsias

73 788 124 845 bec
136 789 284 848 inuentum
302 791 351 861 sit,
373 791 421 869 qui
438 790 599 850 meminerit
615 789 773 869 aliquoties
788 808 821 847 se
843 786 972 846 fleres
991 787 1116 845 crines
1133 786 1210 865 apud

73 892 288 972 antiquissimos
316 902 421 973 poetas
444 895 619 974 repperisse.
664 893 786 951 Plenum
810 892 944 951 scholion
967 891 1056 949 Probi
1078 889 1210 949 fortasse

73 996 113 1053 bis
135 997 230 1056 verbis
253 1004 424 1077 conceptum
448 1008 529 1057 erut:
555 998 695 1077 „Antiqui
718 995 810 1055 lieres
833 996 929 1055 crinas
952 995 1103 1065 dicebaut3
1139 1014 1207 1053 nee·

74 1100 190 1158 tericnm
205 1110 270 1160 erat
291 1099 401 1173 flavos3
431 1121 506 1181 ergo
522 1102 595 1160 bene
606 1100 719 1180 legaris
734 1097 846 1157 lieres'’
863 1107 920 1157 etc.
964 1098 1036 1157 Nam
1053 1097 1129 1176 qued
1144 1098 1210 1156 Ser·

75 1203 133 1259 rins
157 1203 215 1263 lec
226 1204 253 1262 ti
264 1224 364 1263 enern
388 1205 462 1263 lianc
479 1204 627 1283 iootiqnem
641 1203 781 1282 appellnt,
805 1202 832 1261 id
852 1204 950 1261 nescio
969 1220 1006 1259 aa
1025 1201 1118 1261 faciat
1129 1201 1211 1260 dece·

75 1317 139 1383 ptus
165 1308 279 1365 sclsolie
291 1308 390 1367 Probi.
435 1308 500 1366 lllen
518 1327 639 1387 quaere,
662 1326 754 1385 qnare
772 1305 929 1385 Vergilius,
952 1324 1015 1363 cun
1030 1305 1105 1364 alins
1117 1302 1211 1364 llnves

18 1420 23 1433 “
73 1411 166 1470 crines
189 1412 307 1482 dixerit,
329 1413 384 1471 bec
406 1412 474 1471 lnce
497 1409 588 1470 flores
604 1412 701 1469 dicere
714 1410 858 1468 noluerit.
902 1409 942 1468 At
963 1410 1121 1469 cavendnm
1145 1410 1211 1480 erit,

74 1536 107 1573 ne
129 1517 265 1575 obsoleta
287 1516 449 1575 cultissimo
478 1523 584 1595 poetae
614 1514 812 1574 obtrudamus.
856 1513 899 1572 Ac
930 1515 1015 1573 veliin
1042 1514 1212 1573 consideres

74 1640 180 1678 mecum
204 1621 369 1700 paulisper,
397 1621 539 1699 optime
562 1618 745 1688 anthoni,
775 1618 843 1697 qnid
865 1618 1014 1697 antiquum
1038 1619 1078 1676 sit
1100 1619 1128 1677 in
1151 1617 1211 1676 fer·

74 1726 124 1783 mis
154 1726 307 1784 verberum
331 1725 407 1804 apud
430 1724 607 1805 Vergilium
639 1722 769 1783 invenies
795 1721 860 1781 fere
882 1723 969 1781 buce:
999 1726 1137 1793 accestis,
1159 1742 1212 1780 ec·

73 1834 198 1901 stiaecm,
221 1834 364 1901 exstincti,
387 1832 502 1899 directi,
523 1832 606 1902 nicet,
629 1838 724 1898 noce,
744 1836 878 1900 repostus,
894 1836 1043 1901 suppactus,
1056 1829 1213 1900 desmdier,

75 1938 223 2004 admittier,
243 1939 348 2008 fener,
370 1937 465 2000 nurci,
488 1936 581 2007 aquei,
601 1935 701 2005 pictai,
722 1948 822 2006 napo,
844 1931 911 2001 elii,
933 1932 1008 2000 ollis,
1030 1941 1090 2003 oct,
1113 1934 1213 1989 cninar.

76 2038 116 2095 Ex
141 2038 244 2117 quibus
268 2058 342 2117 qaue
367 2038 458 2117 primu
481 2036 581 2115 pesni,
605 2035 701 2093 narnia
724 2035 872 2114 pertinent
894 2034 931 2094 ad
953 2034 1094 2094 eiusnodi
1117 2034 1213 2092 terari-

77 2142 227 2212 natienes,
250 2160 323 2219 quas
344 2140 469 2219 suspitio
492 2146 538 2199 ast
561 2138 732 2218 quetidiana
755 2157 889 2197 seraone
922 2138 1008 2197 tritus
1037 2137 1154 2208 fnisse,·
1182 2145 1213 2197 et

78 2246 207 2305 servavit
236 2248 310 2302 dieti
335 2244 502 2324 Madvigius
525 2243 600 2322 apud
625 2242 686 2300 Cic.
710 2241 746 2299 de
768 2242 833 2300 Pin.
857 2245 887 2312 2,
911 2244 941 2313 3,
965 2244 1018 2315 103
1041 2246 1132 2300 meat
1153 2263 1214 2302 vox

76 2347 132 2405 fnit
155 2347 283 2418 rnstieu,
318 2366 354 2405 ne
377 2346 498 2425 Vergilii
521 2346 632 2425 quidem
656 2352 775 2414 aetate,
809 2345 836 2402 id
859 2345 938 2422 qnod
961 2344 1049 2404 decet
1071 2345 1213 2425 Vergilio·

77 2452 195 2522 mastix,
220 2450 393 2523 obliterata3
414 2460 458 2509 ost
480 2450 611 2530 Vergilio
635 2468 786 2507 commune
807 2466 872 2506 curu
893 2448 1122 2520 recentioribus,
1145 2450 1213 2508 iteno

78 2554 238 2614 infinitivus
260 2554 289 2611 iu
314 2557 358 2611 ier
379 2554 502 2624 missas3
526 2556 611 2628 oqnoi
633 2562 664 2610 et
686 2552 802 2622 sinilia,
825 2560 885 2609 tea
908 2554 973 2622 elli,
995 2553 1084 2610 etiam
1105 2554 1212 2611 Lucre·

77 2660 144 2729 tius,
169 2659 218 2737 qui
242 2658 401 2717 nounnlte
424 2666 493 2717 aute
515 2656 674 2737 Vergilium
697 2655 773 2728 init3
797 2656 975 2715 orcbaisnns
997 2657 1104 2737 dignus
1126 2667 1216 2737 pecta

77 2764 220 2843 grandius
243 2762 311 2841 quid
333 2770 474 2833 sonante3
496 2780 577 2837 mnes
600 2760 688 2819 etium
703 2761 873 2819 Ciceronem
896 2760 1006 2819 dixisse
1029 2760 1072 2819 uit
1093 2762 1214 2821 Servius

76 2868 110 2925 ad
137 2870 189 2937 10,
213 2870 292 2937 1:8¹3
315 2872 411 2923 restat
434 2864 630 2923 Pollicitast.
654 2868 682 2934 l,
705 2866 779 2934 237,
802 2865 879 2943 qnod
902 2872 971 2922 saut
993 2864 1041 2943 qni
1071 2884 1109 2923 ex
1135 2866 1214 2938 pelli·

77 2976 146 3029 citas
169 2990 199 3027 es
221 2966 378 3027 conflatum
402 2968 587 3039 existimeot3
622 2986 720 3025 vernus
744 2967 772 3025 id
795 2978 899 3026 uestra
925 2985 1001 3025 nnuc
1023 2988 1080 3027 uon
1103 2967 1214 3039 refert3

77 3076 150 3133 satis
175 3083 222 3132 est
238 3092 389 3152 apparere,
414 3072 516 3151 qnibns
538 3070 643 3129 finibus
666 3072 694 3130 iu
718 3091 754 3130 ea
775 3090 853 3130 rese
874 3072 1052 3130 continuerit
1073 3073 1217 3132 modestia

77 3188 202 3257 poetae,
232 3196 324 3257 neque
353 3178 506 3258 quidquam
530 3176 654 3236 obsoleti
678 3194 743 3234 enni
771 3176 800 3233 io
823 3176 951 3263 cornino
971 3196 1025 3234 sna
1049 3176 1216 3249 admisisse,

77 3303 169 3362 qnare
192 3280 357 3340 incredibile
378 3280 444 3338 mibi
477 3280 591 3339 videtur
612 3286 729 3358 poetam
751 3279 945 3337 castissimum
968 3279 1217 3358 tersissinnnnrqee

76 3389 137 3447 tale
160 3385 240 3465 qnid,
262 3385 348 3465 qnale
368 3385 473 3455 flores,
496 3384 551 3441 bac
574 3384 719 3454 intulisse,
741 3391 772 3442 et
793 3382 890 3441 formu
912 3391 941 3443 et
964 3402 1018 3441 usn
1041 3384 1216 3455 obsoletum,

78 3494 216 3572 qnodque
252 3490 332 3548 nulla
355 3508 392 3547 ex
428 3498 511 3567 parte
544 3508 608 3547 enm
636 3488 689 3559 iis,
723 3506 798 3566 qnae
827 3507 917 3567 supra
945 3488 1108 3567 posuimus,
1142 3508 1217 3547 cern·

78 3598 176 3675 peruri
199 3594 303 3674 pessit.
349 3594 436 3665 euti,
460 3592 536 3672 qnod
561 3592 674 3651 minime
695 3592 833 3651 convenit
847 3591 1014 3671 elegantiae
1032 3590 1217 3671 Vergiliauae

79 3702 149 3760 talis
172 3698 365 3777 compositio:
388 3696 520 3756 fleres
545 3697 640 3756 crines
664 3705 845 3755 etresens
868 3696 979 3754 laniata
990 3714 1094 3775 genas.
1140 3696 1218 3761 Quid

77 3814 124 3863 est
148 3804 222 3863 eninr
244 3804 355 3875 {lowel
378 3803 513 3881 pnleber,
544 3802 587 3859 ait
608 3802 745 3874 Servins3
776 3809 808 3859 at
838 3820 923 3879 qnam
944 3819 1052 3879 vegeat
1075 3800 1145 3859 illud
1171 3821 1217 3879 po·

12 3896 13 3901 ἵ
77 3928 201 3987 rumque
223 3907 403 3987 respondeus
426 3916 508 3966 certo
536 3905 650 3976 colori,
684 3926 772 3966 roseo
795 3907 837 3965 illi
862 3907 927 3966 dice
946 3926 1104 3987 genarnm3
1127 3924 1218 3983 qnare

77 4016 101 4073 si
124 4016 213 4087 {lmus
230 4013 397 4091 scripsisset
413 4020 511 4091 poete,
534 4031 591 4069 unu
614 4031 752 4069 reseas
774 4012 877 4070 deinde
893 4010 1018 4069 dixisset
1039 4028 1144 4089 genas,
1166 4008 1216 4065 sed

78 4119 124 4178 vel
151 4116 334 4196 pnlcbrus
358 4115 402 4175 vel
435 4116 502 4174 item
533 4113 674 4187 fleras3
712 4134 805 4193 neque
837 4134 907 4175 vero
929 4113 1018 4172 facile
1041 4112 1105 4192 qnis
1139 4111 1218 4190 plau·

79 4223 131 4280 det
155 4220 261 4279 iudicio
284 4218 388 4290 Probi,
412 4220 459 4298 qni
482 4219 610 4278 fleres
633 4219 758 4277 crines
780 4238 816 4277 eo
846 4218 910 4295 ipso
933 4216 1161 4275 commendatum
1185 4216 1218 4286 it,

12 4408 13 4411 Ἴ
80 4327 159 4406 qued
184 4333 325 4405 sequatur
347 4344 464 4383 roseos
486 4328 593 4384 laniata
615 4342 716 4399 penos3
740 4332 792 4381 ant
813 4322 878 4399 quis
897 4329 1027 4379 nestrum
1051 4339 1219 4399 composue-
