2842 4817
409 289 411 294 ,
456 216 601 264 Lectione·
620 189 803 280 Vergiliarum.
1165 219 1203 276 dt

67 365 179 423 ducitur
205 366 233 424 ia
258 375 350 425 metro
373 368 576 428 choriambico.
600 403 641 413 -
686 371 744 428 Sed
768 376 801 427 ut
822 369 975 428 ndeanmr
996 369 1034 426 ad
1053 371 1110 439 12,
1133 370 1208 440 648,

68 467 183 525 videant
205 469 272 538 adii,
295 471 441 549 quomodo
463 479 603 530 tueantur
624 473 694 531 iilud
717 477 824 530 meio.
869 471 926 536 Qui
949 491 983 529 ae
1005 470 1125 529 inscium
1147 473 1206 531 cui·

66 573 221 649 praedicit,
243 573 393 652 significat
415 595 447 633 ae
471 576 574 654 culpae
594 576 648 635 ribi
669 597 727 635 non
749 576 896 634 conscium
918 594 1005 648 ease3
1028 583 1060 632 at
1082 577 1131 652 qui
1152 576 1206 636 eibi

69 696 121 733 aon
145 678 281 736 conscius
305 687 366 748 ast,
402 681 588 738 condicitur
611 682 736 742 ncaciua.
782 681 826 739 De
847 679 1012 738 discrimine
1035 681 1137 740 borum
1158 680 1205 739 ad·

69 782 235 842 iectivorum
267 784 338 841 baec
361 785 540 861 potissimum
570 785 680 856 babeo,
711 804 787 864 quaa
817 785 919 843 dicam.
963 786 1126 844 Nescius
1148 795 1206 855 eat,

68 886 111 962 qui
136 905 193 944 non
216 888 356 965 comperit
378 888 511 946 alicunde
533 907 610 957 ram,
644 908 728 968 quam
752 890 864 960 acacit3
897 897 975 960 tuna,
1004 891 1052 968 qui
1076 911 1134 950 noa
1157 893 1205 950 ba·

68 989 122 1060 bet,
145 981 213 1069 quid
227 999 314 1069 agat3
338 997 446 1049 nescius
463 992 578 1070 poetice
594 1012 657 1050 cum
674 992 957 1052 inbuitiroiunctam
973 992 1133 1073 significat,
1155 997 1204 1074 qui

69 1113 121 1150 aon
144 1094 298 1153 cousuevit
321 1114 374 1152 nec
397 1104 512 1172 potest,
542 1108 574 1154 ut
613 1101 723 1154 nescim
751 1101 845 1166 ciari3
879 1096 1003 1175 denique
1033 1097 1128 1155 baud
1152 1118 1205 1155 ne·

68 1199 176 1254 scius
199 1198 274 1274 apud
297 1206 401 1274 pactas
423 1199 531 1257 dicitur
552 1201 638 1256 etiam
662 1200 705 1270 ia,
728 1201 777 1278 qui
800 1219 836 1258 eu
866 1219 899 1258 re
921 1199 1069 1278 prouecti
1091 1207 1202 1257 certam

67 1302 261 1369 coniecturam
290 1300 379 1372 facit,
403 1311 437 1360 ut
459 1308 495 1373 a,
519 1305 591 1362 552.
646 1303 758 1364 Contra
792 1304 941 1362 inaciua
969 1312 1034 1373 eat,
1064 1303 1113 1382 qui
1148 1303 1202 1363 aibi

67 1424 120 1462 non
143 1405 280 1464 conscius
303 1413 349 1464 cst
371 1406 432 1476 rei5
455 1406 537 1463 cuius
560 1405 666 1464 dicitur
687 1425 754 1464 ease
775 1407 904 1478 inacius;
928 1414 988 1464 tuna
1011 1427 1094 1486 quem
1119 1407 1206 1476 latet,

67 1509 140 1596 qaod
163 1509 265 1588 agitur
286 1515 339 1566 aut
361 1508 437 1586 quod
464 1508 581 1588 dignam
609 1509 648 1566 ait
679 1510 832 1588 cognosci.
876 1510 961 1568 Haud
991 1510 1127 1569 inscitum
1148 1520 1203 1587 ast,

67 1613 140 1691 quod
168 1617 215 1683 12,
239 1614 303 1670 227,
326 1611 383 1669 duo
398 1612 515 1671 codices
528 1612 666 1670 exhibent
682 1615 759 1670 baed
778 1616 899 1670 iascio
920 1631 1026 1683 reram,
1049 1632 1123 1691 quae
1146 1635 1204 1676 uon

68 1719 177 1775 ridetur
199 1717 370 1805 depravatio
393 1717 586 1787 librariorum,
610 1719 661 1775 aed
683 1717 848 1776 emendatio
870 1718 949 1776 docti
971 1717 1163 1796 grammatici.

494 2007 589 2084 Caput
611 2007 778 2084 secundum.

10 2221 11 2224 Ἴ
66 2144 185 2208 Contra
201 2141 350 2206 codicum
362 2138 622 2216 teterrimarum,
640 2139 779 2202 Medicci
795 2141 946 2227 maniano,
964 2139 1204 2213 aarcioritatera.

150 2352 212 2410 uei.
237 2353 266 2419 3,
292 2351 362 2408 tdtt.
409 2351 444 2406 Et
461 2352 584 2422 quiaquia
606 2366 717 2404 amores

295 2453 372 2510 Haut
394 2459 512 2522 metuat,
536 2452 628 2510 dulcis
650 2463 699 2509 cat
719 2455 879 2524 nomicum
900 2469 1023 2508 amaror,

66 2561 175 2619 Contra
198 2559 409 2637 Ladewigius:
510 2599 513 2602 -

291 2661 350 2720 Aut
374 2671 483 2720 metuet
504 2661 607 2732 dulcia,
630 2671 680 2718 aut
699 2637 860 2733 mercetur
881 2676 1005 2731 amaror.

68 2767 167 2848 Neque
189 2766 277 2825 aliter
298 2766 453 2843 Hauptius,
477 2767 533 2823 etsi
547 2767 572 2823 ia
595 2784 706 2824 comma
727 2783 764 2822 cu
788 2782 844 2821 suo
866 2779 947 2819 more
969 2761 1076 2818 omisit.
1121 2761 1199 2820 Non·

67 2873 128 2929 dam
152 2871 302 2930 refutatae
324 2877 393 2942 aunt
415 2871 560 2940 rationes,
592 2870 693 2948 quibua
717 2868 873 2927 ostentione
902 2874 1026 2924 conatur
1050 2885 1112 2924 aum
1137 2866 1199 2924 aub-

66 2995 128 3034 esso
159 2977 203 3034 bia
231 2975 326 3035 verbis
350 2975 477 3032 mendam
501 2973 620 3052 aliquod
655 2993 672 3032 a
703 2973 850 3031 nullodum
872 2970 1026 3038 sublatum.
1070 2969 1201 3046 Scripac*

66 3100 123 3138 ram
152 3082 181 3138 in
204 3081 288 3138 Varr.
316 3079 412 3136 Lecti.
445 3097 628 3156 „pronomen
654 3081 776 3152 quinquis
813 3077 840 3134 b.
872 3075 892 3132 Ι.
917 3074 997 3132 ιιιιΙΙο
1028 3065 1129 3151 pacto¹
1144 3094 1213 3151 pro,

64 3191 175 3259 quisque
196 3185 301 3242 dictum
325 3183 457 3260 accipere
478 3181 557 3239 dicet.
602 3181 674 3239 Nam
704 3189 738 3238 ut
765 3179 921 3238 concedam
955 3177 1056 3255 optimi
1086 3175 1199 3234 saeculi

64 3291 224 3368 scriptores
235 3287 366 3346 relativis
390 3286 433 3344 ved
454 3284 614 3342 nominibus
627 3283 684 3362 ¹vad
709 3282 871 3362 particulis,
894 3284 1119 3354 utamurque,
1141 3274 1200 3352 qaa'‚¹

63 3395 117 3460 ubi,
141 3405 180 3464 at,
203 3392 351 3452 autetiam
369 3388 530 3473 pronomini
549 3388 793 3466 possessivorum
809 3386 851 3444 ita
866 3385 1008 3451 interdum
1020 3382 1198 3462 subiungere

64 3503 195 3572 quisquis,
220 3505 253 3554 ut
271 3516 325 3574 pro
347 3495 468 3572 quisque
486 3493 610 3572 positum
630 3493 723 3552 videri
735 3491 839 3570 posuit,
866 3509 924 3547 oon
942 3486 1031 3546 facile
1045 3497 1140 3545 tamea
1153 3488 1198 3546 ved

59 3606 194 3673 pessimus
208 3601 342 3677 'scriptor
363 3599 392 3656 in
416 3599 498 3664 initio
520 3597 673 3665 enuntiati,
698 3597 746 3674 qui
769 3574 852 3652 iocur
875 3593 1010 3671 proprius
1032 3602 1078 3648 eat
1107 3592 1197 3649 reda-

64 3707 174 3776 tiviS,
197 3709 315 3779 quisquis
339 3704 394 3761 ita'
414 3702 553 3780 posuerit.
606 3702 643 3758 Et
665 3699 749 3757 initio
778 3697 992 3756 enuntiatorum
1020 3714 1057 3752 ea
1081 3690 1198 3772 quoque

64 3812 162 3887 posita
184 3809 418 3875 censendaauot,
441 3805 543 3882 quibua
560 3790 835 3882 praeceditc'opuda,
858 3809 891 3857 ut
912 3801 968 3886 boc
990 3794 1196 3881 {comunione

63 3932 138 3990 quae
161 3911 229 3969 nibid
252 3911 398 3989 pertineat
420 3910 455 3966 ad
478 3909 558 3986 ipsas
573 3908 634 3967 vim
659 3905 838 3973 sententiae,
870 3904 922 3962 aed
945 3911 1055 3960 tantuna
1078 3903 1199 3980 iungem
1245 3979 1247 3983 Ι

10 4029 11 4032 ’
64 4017 106 4072 dis
136 4016 247 4086 duobua
285 4013 444 4074 enuntiatis
480 4007 648 4071 inserviat.”
703 4009 914 4068 Stomacbabar
941 4007 1105 4086 paululum,
1134 4007 1196 4063 Aa·

64 4120 188 4188 tboni,
211 4119 287 4198 quod
309 4119 381 4176 baec
403 4137 455 4195 pro
479 4115 593 4174 indictis
614 4117 713 4174 babuit
730 4114 931 4193 Ladewigiua.
975 4113 1099 4188 itaque,
1122 4128 1197 4188 quae
1288 4134 1290 4179 j

65 4232 123 4280 tum
158 4223 275 4282 brevius
295 4222 468 4303 exponenda
501 4228 601 4290 erant,
633 4223 684 4294 (ut
713 4219 772 4278 adia
800 4218 939 4296 quaedam
961 4214 1028 4273 aliia
1050 4212 1138 4290 iocis)
1161 4233 1197 4270 ea

10 4317 11 4342 ³
65 4345 139 4382 nunc
163 4326 227 4384 mibi
249 4326 333 4385 video
356 4325 505 4383 dilatanda
534 4323 813 4413 esaelaubtidiusqae
835 4317 1049 4398 pertractanda.
1094 4317 1195 4385 Enem-v
