2842 4817
184 144 227 205 32
615 139 736 209 Pbilippi
752 138 889 209 Wagnerl

181 316 234 357 nas
263 294 392 375 appellat
421 292 594 369 Petronius)
625 294 728 374 quibus
750 293 842 353 Delus
871 292 995 372 postlrae
1023 292 1191 368 ellyeono
1214 290 1321 368 Gyaro·

181 416 238 481 que
258 408 328 480 opta
350 401 399 459 sit.
444 398 518 458 lllud
541 400 639 477 potius
662 396 766 469 refert,
790 406 886 456 atrurn
909 397 937 455 b.
961 396 981 454 l.
1005 397 1172 455 necessaria
1188 396 1229 454 sit
1247 415 1323 474 prae·

181 505 291 584 positio
315 523 415 563 necne.
460 502 503 561 Ac
528 502 594 561 rnibi
619 521 787 580 persuasum
811 509 858 561 est
872 508 1024 559 nonrecte
1040 500 1178 571 iudicare,
1202 500 1323 579 quinon

183 609 325 673 sublatura
348 609 461 680 velint3
496 626 590 687 neque
613 609 687 667 enirn
711 607 785 665 idenr
808 614 855 665 est
879 608 995 681 lacoon
1016 609 1160 663 revincire
1181 613 1213 665 et
1234 623 1251 661 e
1272 605 1327 677 ¹!-

181 733 254 777 cono
274 716 431 785 recineir03
453 712 524 772 illud
544 710 695 791 signifieat
715 710 868 772 vinciendo
891 709 1053 789 colligare,
1077 710 1120 787 (id
1143 708 1221 788 quod
1245 706 1325 766 nullo

181 819 267 881 ruodo
290 818 345 879 bno
366 816 505 898 quadrat)
530 817 584 875 boc
606 816 650 875 aie
671 815 797 886 vincire,
825 823 860 875 ut
885 835 934 875 res
963 814 1095 876 revincto
1116 814 1159 872 ita
1180 819 1325 882 teneatur,
1392 810 1410 835 ‘⁴

181 932 216 989 ut
235 944 293 989 non
317 924 412 1004 possit
432 921 467 980 ab
490 942 543 993 eo,
566 922 643 981 unde
663 922 796 981 revincta
817 928 877 991 est,
899 919 1020 1000 longius
1042 918 1138 989 abire,
1161 936 1247 997 quana
1267 915 1325 977 viu·

181 1028 277 1089 eulura
300 1028 427 1107 patitur3
450 1026 535 1106 idque
556 1026 650 1086 solun
674 1026 742 1085 buic
763 1026 831 1085 loeo
845 1024 996 1096 convenit,
1018 1021 1132 1083 frustm
1145 1029 1242 1086 autern
1260 1021 1326 1091 erit,

182 1133 207 1192 si
230 1132 295 1212 quis
318 1130 384 1191 mibi
397 1130 579 1209 opposuerit
599 1129 671 1189 illud
692 1131 943 1205 reuporenlnnsn
958 1133 1049 1203 litore,
1074 1127 1094 1187 i.
1107 1146 1134 1187 e.
1157 1146 1195 1185 ex
1210 1133 1326 1195 trunco,

183 1256 257 1299 saxo
279 1235 402 1295 similive
425 1254 475 1305 re,
500 1253 596 1315 quae
619 1242 678 1315 est
700 1234 733 1293 iu
755 1234 883 1295 litore.
935 1236 1039 1316 ltaque
1067 1234 1124 1293 boe
1153 1230 1328 1311 relinquitur

183 1340 392 1421 quaerendum,
414 1340 568 1419 probarine
590 1338 685 1420 possit
706 1340 779 1399 baec
799 1341 885 1401 elisio
909 1344 1024 1414 llycosw
1046 1358 1062 1397 e
1082 1357 1182 1398 neone.
1226 1337 1269 1395 Ao
1291 1334 1327 1393 de

183 1445 306 1509 elisione
328 1463 392 1505 cun
414 1444 581 1505 Carolus
595 1446 858 1505 lraebnrannus
881 1446 909 1503 in
926 1444 1134 1505 commentario
1148 1440 1327 1502 Lucretiono

183 1550 348 1630 exquisitae
370 1550 521 1609 doetrinae
543 1550 636 1628 copiis
658 1548 772 1609 referto
804 1550 999 1629 conpluribus
1027 1550 1101 1609 locis
1133 1545 1329 1608 eruditissime

183 1653 427 1733 subtilissimeque
445 1653 649 1733 disputaverit,
672 1662 768 1715 restat
783 1664 880 1713 tanuen
895 1674 964 1733 para
981 1654 1105 1713 osaniun
1122 1649 1330 1712 obscurissima

183 1764 271 1837 atque
294 1755 330 1817 ad
360 1757 568 1817 enucleandum
600 1756 790 1831 difficillimo,
817 1780 875 1840 qua
902 1760 1091 1829 ostendatur,
1121 1754 1265 1837 quosnodo
1298 1752 1328 1812 in

183 1881 298 1943 quoque
319 1861 496 1940 syllabarum
518 1882 662 1925 concursu
685 1864 770 1925 elisio
793 1866 838 1926 vel
860 1865 969 1945 potius,
991 1872 1024 1923 ut
1045 1863 1211 1923 llernranuo
1234 1859 1327 1920 illesa.

185 1967 286 2027 llootr.
311 1968 351 2027 111.
374 1988 444 2048 pag.
468 1969 509 2028 62
532 1967 661 2041 videtur,
693 1965 913 2045 ousanoirqorc
934 1968 1017 2028 foeta
1039 1969 1087 2027 sit.
1132 1965 1256 2025 Multum
1278 1983 1328 2024 ve·
1399 1960 1410 1978 '¹

182 2078 262 2131 teres
293 2071 481 2131 Grammatici
510 2072 609 2132 barini
639 2072 667 2131 iu
696 2091 732 2133 oo
766 2092 798 2132 re
826 2080 949 2132 utuntur
972 2072 1173 2151 synaloephae
1202 2068 1329 2139 uoruine,

182 2193 240 2255 quo
264 2176 377 2255 quidenr
400 2175 429 2235 id
452 2183 563 2235 tautum
587 2176 768 2259 significant,
790 2178 960 2238 ooaleseere
981 2179 1012 2237 iu
1025 2174 1240 2257 pronuntiando
1253 2172 1329 2231 duas

183 2298 271 2341 voces
297 2280 325 2338 in
348 2298 444 2339 uuam.
486 2281 545 2341 Sed
567 2290 691 2361 apparot
713 2281 741 2341 id
764 2283 845 2343 varie
865 2282 931 2355 fieri
946 2284 1079 2362 potuisse
1102 2300 1155 2341 neo
1177 2280 1329 2349 elisiones,

183 2403 259 2466 quae
282 2392 350 2445 suut
372 2384 401 2444 io
424 2394 581 2461 eiquoco,
609 2386 721 2445 mullum
743 2390 807 2461 ills,
829 2402 891 2470 'opo
910 2390 1001 2461 bone,
1022 2388 1069 2445 a'bo
1091 2396 1134 2458 et,
1166 2386 1247 2443 balio
1268 2392 1330 2455 out,

182 2492 271 2549 neon
292 2500 337 2565 et,
366 2493 456 2549 diuini
485 2510 571 2565 opus,
599 2496 693 2565 primo
722 2494 869 2567 aquilone,
888 2500 946 2551 eet.
979 2492 1080 2551 eodern
1108 2489 1195 2549 nodo
1226 2506 1329 2547 onrnes

182 2594 279 2656 factos
302 2615 384 2667 seseq
415 2604 468 2655 aut
496 2596 642 2675 quomodo
674 2596 844 2657 distinxeris
874 2597 951 2656 inter
971 2616 1004 2655 se
1031 2599 1087 2654 loci
1108 2604 1149 2668 el,
1178 2596 1268 2653 benna
1290 2604 1330 2664 ee,

181 2702 243 2759 loon
266 2710 305 2773 et,
327 2704 452 2759 diuinum
474 2718 554 2774 opus,
578 2704 668 2759 diuini
690 2702 780 2775 opes?
823 2701 920 2763 Sileot
941 2700 1131 2761 Grannstiei
1159 2700 1196 2759 de
1217 2700 1263 2759 bis
1284 2698 1330 2757 in.

182 2812 229 2865 ter
250 2824 283 2865 se
305 2805 545 2876 discriminandis,
568 2805 624 2864 nisi
646 2805 724 2884 quod
746 2806 783 2864 de
803 2805 936 2865 elidenda
958 2806 1045 2865 litera
1066 2824 1094 2863 ss
1110 2804 1249 2885 quaedan
1269 2811 1330 2863 tra·

183 2908 299 2971 duntur.
336 2890 417 2969 llude
439 2908 566 2989 intelligi
588 2909 704 2970 videtur
725 2906 789 2980 eos,
811 2927 933 2988 quorunr
957 2910 1070 2990 quidern
1084 2907 1332 2987 exstantseripta

182 3013 218 3072 de
240 3013 350 3083 metris,
373 3012 529 3093 ignorasse
547 3012 624 3077 bauo
645 3013 787 3072 rationem
810 3033 864 3072 neo
885 3014 977 3074 videri
1000 3015 1116 3073 oanuino
1140 3013 1273 3092 potuisse
1290 3012 1331 3072 de

182 3117 380 3199 synaloephae
402 3118 517 3177 ratione
539 3126 677 3179 accurate
698 3119 885 3199 praecipere3
905 3138 990 3199 quan
1014 3120 1104 3199 ipsam
1126 3119 1221 3178 donee
1242 3118 1330 3198 igno·

184 3222 309 3282 rabinrus
334 3221 402 3301 (uec
424 3223 606 3294 desinemus,
630 3224 745 3303 opinor,
766 3223 922 3303 ignorare)
944 3222 1066 3283 difficile
1087 3231 1134 3283 est
1156 3222 1329 3302 ubiquedi·

183 3348 267 3400 oere,
300 3327 368 3408 quid
398 3336 429 3389 et
462 3348 552 3408 quare
579 3331 705 3409 quidque
735 3350 823 3389 aures
845 3331 996 3389 Romanae
1024 3335 1077 3387 aut
1103 3328 1253 3407 probnrint
1275 3337 1332 3387 out

182 3434 356 3495 recusarint.
388 3434 651 3514 Deprehenduntur
674 3435 702 3495 in
723 3456 760 3495 eo
783 3454 893 3516 genere
915 3434 992 3513 opud
1010 3433 1170 3513 Vergilium
1186 3432 1329 3512 quaedum

108 3565 112 3571 *
183 3539 388 3610 inusitatione,
410 3538 496 3619 quale
520 3539 575 3599 boo
597 3540 689 3619 ipsum
712 3548 760 3599 est
782 3542 897 3616 llyoono
918 3558 934 3596 e
955 3541 1044 3611 celso,
1073 3545 1132 3597 tun
1156 3540 1275 3597 Rhoeteo
1297 3540 1331 3595 in

182 3646 264 3703 litore
284 3643 319 3705 Α.
344 3646 374 3714 6,
396 3646 459 3705 506
484 3652 515 3703 et
536 3646 658 3718 Alpheae
678 3646 714 3702 ob
738 3649 850 3721 origine
868 3646 948 3702 Pisae
972 3644 1113 3714 10,179.
1159 3642 1259 3701 Facile
1282 3652 1333 3701 est

182 3747 228 3807 bis
250 3747 323 3807 locis
346 3746 475 3807 carnibus
499 3747 733 3828 praepositiones
755 3749 872 3820 delere;
905 3754 938 3806 at
964 3756 1065 3807 tuetur
1094 3766 1145 3806 eas
1167 3745 1332 3819 Mediceus,

182 3860 213 3913 et
235 3860 282 3912 ter
303 3852 331 3910 iu
355 3851 454 3911 eadem
477 3870 566 3911 eausa
589 3852 708 3911 eundem
733 3851 901 3912 emendandi
925 3851 1038 3911 urodunr
1061 3850 1197 3909 adbibere
1218 3850 1331 3929 religio

183 3964 238 4017 est.
283 3956 380 4036 Atque
407 3958 466 4014 ista
488 3974 552 4015 oum
574 3955 634 4015 sint
655 3956 828 4036 singularia,
852 3955 910 4014 alia
931 3953 1032 4028 sirpilis
1054 3954 1174 4034 generis
1196 3953 1331 4033 siugula-

184 4062 229 4121 ria
251 4061 497 4140 comparabimus,
520 4078 595 4139 quae
617 4066 760 4139 respuunt
781 4059 1026 4129 emendationem,
1053 4060 1177 4133 Argisue
1206 4060 1332 4116 Helenae

187 4170 215 4237 1,
239 4166 320 4236 650,
350 4169 482 4239 antiquae
510 4165 546 4221 nb
575 4168 687 4239 origine
713 4168 740 4235 l,
763 4165 839 4235 612,
870 4156 958 4238 (ὀξεῖ’
989 4156 1094 4221 ὀδύναι
1122 4169 1218 4221 auteur
1250 4164 1330 4240 apud
1408 4213 1410 4217 ,

185 4269 269 4329 Hom.
293 4268 326 4329 ll.
352 4272 402 4341 11,
426 4271 505 4339 272,
528 4266 730 4331 confirmatura
753 4289 796 4330 us.
819 4268 892 4340 268,
915 4265 963 4347 qui
986 4265 1174 4346 probabiliter
1195 4266 1329 4324 emenda·
