2842 4817
201 239 265 298 101
649 235 771 303 Philippi
788 236 924 301 Wagneri

199 393 353 464 tineamus,
374 392 402 450 in
427 391 534 452 falsam
556 392 723 472 opinionem
744 390 842 450 induci
867 389 1004 475 legantes
1026 390 1175 462 dictitans,
1197 391 1281 471 quasi
1298 412 1345 452 me·

199 504 253 578 get
274 497 399 558 labans
420 499 576 579 quidquem
589 517 652 559 una
674 498 838 568 interam,
860 496 887 555 ai
907 497 1033 576 populus
1049 497 1263 576 pessumdetur,
1283 495 1350 576 ipae

78 681 82 690 ι
202 600 283 662 faiiei
305 601 410 664 tumne
432 605 588 684 spolietur.
633 602 701 670 Qua
723 601 753 660 in
775 621 808 660 re
829 600 891 672 ille,
913 599 939 660 ai
963 600 1033 680 quid
1056 601 1153 672 video,
1181 601 1253 672 Te,
1278 621 1344 678 np-

202 707 288 764 tinne
310 687 494 778 A'ntboni,
529 706 643 766 minime
673 703 791 765 babebit
821 703 1041 764 assentientem.
1085 704 1187 783 Neque
1213 702 1288 764 euim
1318 703 1347 761 in

200 809 295 870 verbis
312 809 411 871 Latini
435 810 590 889 quidquam
612 812 700 881 inest,
726 828 784 888 quo
806 807 976 868 remiseris
999 807 1100 887 popuii
1121 809 1166 867 sui
1190 829 1248 867 non
1271 827 1347 868 eom·

199 912 310 974 moneri
337 913 461 986 indicet,
490 913 575 973 immo
604 911 724 986 πάθος,
749 911 827 992 qnod
855 911 986 971 cernitur
1008 907 1036 970 ia
1061 911 1156 972 verbis
1193 913 1348 983 Omiseri,

201 1025 261 1078 tum
284 1035 443 1097 poenarum
467 1017 633 1099 cogitatio,
656 1018 760 1099 quibus
782 1037 853 1076 auos
877 1015 1020 1076 afflictum
1043 1015 1080 1075 iri
1101 1016 1263 1096 praevidet,
1286 1015 1348 1075 ani·

201 1141 276 1180 mum
307 1122 415 1183 iudicat
444 1122 645 1184 misericordia
676 1143 856 1203 percussum.
910 1123 1006 1182 Porro
1034 1120 1107 1182 iliud
1136 1121 1286 1202 sapienter
1317 1129 1349 1180 et

200 1227 380 1298 humaniter,
403 1229 497 1306 quod,
521 1228 586 1286 dum
610 1228 720 1308 populo
744 1227 909 1307 Turnoque
932 1226 1052 1299 metuit,
1085 1226 1148 1286 auis
1170 1225 1254 1286 maiis
1277 1225 1348 1284 nibil

200 1330 410 1403 commovetur,
432 1331 537 1411 quippe
561 1333 661 1412 quiin
690 1333 755 1412 ipsa
779 1352 870 1413 prope
893 1332 972 1393 uitae
995 1331 1077 1391 exitu
1100 1331 1281 1390 constitutus
1302 1351 1349 1391 re·

201 1435 296 1514 quiem
310 1447 511 1498 aerumnarum
533 1456 550 1496 a
566 1438 730 1516 propinqua
746 1444 840 1497 morta
854 1444 963 1517 speret.
1007 1436 1068 1496 Nec
1086 1435 1157 1494 illud
1174 1455 1272 1495 verum
1290 1444 1352 1512 est,

201 1540 279 1619 quod
301 1540 493 1622 Ladewigius
516 1542 568 1612 ait,
592 1541 618 1600 si
641 1545 711 1600 Nom
734 1543 865 1623 tegatur,
888 1543 945 1603 boc
966 1541 1103 1601 Latinum
1125 1540 1240 1602 dicere:
1272 1541 1344 1600 nihil

201 1664 233 1704 se
256 1644 357 1704 dniarc
378 1643 458 1706 felici
481 1644 586 1707 funere
609 1647 753 1708 erbetum.
797 1649 886 1707 imma
909 1668 968 1707 non
990 1653 1142 1726 expertem
1165 1646 1275 1706 doloris
1290 1646 1350 1706 La·

199 1749 292 1810 tinum
315 1750 343 1809 in
367 1770 402 1810 co
425 1751 611 1832 cogitatione
633 1771 699 1812 esse
714 1753 819 1832 probat
834 1752 906 1812 iilud
923 1753 1017 1832 ipsum
1037 1754 1126 1826 sotici.
1171 1750 1248 1817 Quid
1271 1750 1349 1810 enirn

201 1853 358 1934 optabilius
387 1875 454 1916 csse
483 1855 570 1916 debet
585 1855 636 1928 ai,
672 1857 722 1935 qui
753 1857 781 1916 iu
804 1856 957 1936 splendida
979 1854 1100 1916 fortuna
1123 1875 1235 1916 omnem
1258 1855 1350 1916 vitam

201 1960 294 2039 degit,
330 1979 416 2039 qoam
439 1961 512 2021 mori
534 1960 807 2029 infelicitate?
860 1963 943 2044 Ergo
973 1980 1038 2032 cum
1069 1983 1147 2022 mors
1178 1963 1265 2022 etiam
1298 1982 1350 2042 op·

200 2066 290 2124 tanda
312 2066 352 2125 sit
374 2067 452 2139 seni,
489 2067 613 2126 honesto
645 2065 750 2126 funere
783 2068 857 2128 idem
890 2088 947 2126 nun
979 2067 1090 2127 carebit
1114 2087 1209 2147 aequo
1239 2065 1350 2127 animo.

199 2170 301 2250 Eurip.
324 2171 393 2230 Hac.
418 2173 479 2230 317
504 2191 588 2252 sqq.:

328 2280 377 2336 soi
397 2273 456 2355 μὴν
477 2275 579 2356 ἔμοιγε
600 2275 685 2350 ζῶντι
706 2271 861 2355 μὲν-καθ’
885 2272 1006 2359 ἡμέραν,

328 2377 372 2442 ssi
394 2377 495 2464 σμίκρ’
518 2379 626 2462 ἔχοιμι,
650 2375 738 2442 πάντ’
763 2379 801 2440 ἂν
823 2375 989 2462 ἀρκούντως
1010 2380 1088 2463 ἔχοι·
1152 2438 1157 2446 ,

329 2482 441 2564 τύμβον
464 2480 496 2545 δὲ
516 2486 678 2565 βουλοίμην
699 2484 738 2546 ἄν
759 2480 936 2565 ἀξιούμενον

330 2586 380 2650 τὸν
401 2585 477 2668 ἐμὸν
500 2587 646 2670 δρᾶσθαι.
773 2631 777 2638 -

203 2698 243 2754 Ac
272 2692 361 2754 facilc
390 2694 461 2754 illud
492 2713 608 2774 qnoque
635 2694 851 2774 persentisces,
881 2693 1025 2772 optime
1055 2691 1239 2764 Anthoui,
1271 2693 1351 2753 banc

202 2800 364 2860 orationem
396 2798 487 2880 louge
510 2798 673 2880 digniorem
697 2820 764 2860 csse
786 2799 912 2872 Latino,
944 2817 1029 2878 quam
1053 2797 1201 2878 querulam
1224 2797 1304 2858 iliam
1329 2819 1349 2857 a

200 2903 375 2984 Ladewigio
398 2903 596 2965 substitutam.
641 2905 728 2971 Quod
751 2911 849 2963 autem
864 2902 980 2962 subbata
1001 2901 1247 2983 interpunctione,
1271 2921 1351 2981 quoe

200 3009 297 3069 estin
320 3006 379 3068 fine
402 3028 504 3070 versus
528 3009 600 3082 598,
625 3014 715 3068 omnis
737 3008 801 3070 vnit
824 3008 1032 3069 nominativum
1055 3027 1136 3078 esse,
1167 3007 1215 3087 qni
1236 3005 1351 3066 refera-

200 3121 250 3172 tur
271 3113 307 3172 ad
330 3113 482 3184 Latium,
512 3122 592 3172 certe
622 3114 647 3172 is
671 3133 825 3193 numquam
858 3113 984 3172 dixisset
1006 3094 1096 3170 omnis
1123 3114 1246 3186 molior,-
1275 3131 1350 3190 quo·

200 3218 275 3278 uiam
299 3218 373 3276 satis
396 3225 443 3276 est
464 3218 621 3297 spoliatum
644 3238 710 3278 essa
732 3218 836 3278 funere
859 3216 949 3289 felici,
972 3236 1025 3276 nec
1047 3217 1075 3276 id
1098 3217 1289 3276 miserabilius
1312 3217 1351 3277 fit

200 3323 300 3383 addito
323 3323 378 3382 Ιιοο
402 3327 510 3396 omnin
534 3324 584 3383 sed
608 3345 665 3382 non
689 3332 737 3383 est
759 3325 891 3396 dubium,
920 3326 987 3404 quin
1010 3323 1109 3402 potina
1131 3323 1261 3382 dicturus
1282 3321 1349 3383 fue·

199 3429 239 3488 rit
260 3431 372 3503 ipsoque
395 3431 425 3485 ia
452 3429 547 3486 dimine
566 3439 680 3501 portos,
713 3429 732 3487 i.
756 3448 781 3489 e.
805 3436 836 3488 et
863 3428 891 3486 iu
922 3428 986 3507 ipso
1009 3428 1107 3486 limine
1135 3436 1256 3506 portos,
1290 3449 1347 3489 seu

200 3539 337 3612 speratae
369 3533 491 3612 qnietis,
530 3533 675 3614 navigans
707 3535 821 3614 spolior
854 3533 935 3593 felici
956 3532 1069 3593 funere.
1114 3533 1246 3613 Denique
1267 3535 1349 3606 atti,

201 3636 279 3716 quod
302 3637 447 3716 oppositis
469 3640 526 3711 ipsi
543 3658 588 3698 vs.
613 3639 674 3698 595
698 3646 730 3698 et
753 3642 789 3696 Te
811 3660 855 3700 vs.
879 3640 943 3698 596
965 3639 1141 3718 respondet,
1175 3638 1297 3710 iacebit,
1319 3639 1348 3698 ai

200 3741 406 3821 praeposueris
430 3743 596 3823 negativam
622 3745 693 3816 Νοο,
716 3763 792 3824 quac
814 3745 851 3803 ad
869 3743 986 3806 verbnm
1004 3753 1093 3818 porto
1113 3742 1250 3823 pertinet,
1276 3763 1347 3804 con·

199 3855 247 3907 tra
270 3848 377 3926 accipit
398 3847 511 3926 pondua
527 3848 734 3922 necessarium,
757 3850 782 3908 si
805 3835 962 3910 subieceria
984 3849 1147 3929 particulae
1167 3851 1247 3920 Num,
1269 3868 1349 3927 quae

200 3953 237 4012 ad
259 3952 352 4031 ipsum
374 3951 446 4010 iilud
468 3955 537 4012 mibi
559 3952 690 4013 refertur
713 3955 789 4014 bunc
811 3955 840 4013 in
863 3954 996 4014 modum:
1027 3974 1113 4026 „uam
1140 3954 1177 4013 de
1199 3955 1348 4033 mequod

201 4056 304 4128 dicam,
328 4056 383 4114 boc
405 4057 483 4116 est.”

288 4159 360 4218 Aen.
384 4162 414 4231 7,
440 4162 513 4220 693.
559 4164 590 4222 ln
614 4165 690 4223 bunc
713 4165 809 4224 iocum
822 4164 1014 4245 ludewigius
1038 4170 1151 4223 mnmto
1175 4163 1348 4243 pronomine

200 4264 329 4323 retraxit
349 4282 482 4337 versum,
506 4285 588 4346 quem
613 4288 713 4332 omnes
736 4269 802 4331 iibri
824 4276 855 4328 et
877 4269 978 4349 scripti
1000 4276 1031 4329 et
1052 4269 1185 4348 impressi
1207 4274 1278 4328 autc
1300 4289 1345 4330 ιο.

204 4369 266 4429 696
289 4367 449 4443 collocant,
908 4372 910 4375 ’
