2842 4817
208 195 252 255 80
667 189 787 254 Philippi
805 189 940 256 Wagneri

210 346 323 406 lectore
351 344 495 416 deseruit;
523 355 578 402 tum
608 345 772 424 llaaptius,
810 343 888 424 quod
922 363 981 424 ego
1020 362 1218 422 reposcerem.
1268 342 1348 402 Nolo

210 425 285 512 nuuc
308 451 386 510 illam
418 451 454 510 dc
475 449 579 509 formis
598 460 655 507 tun
677 459 708 508 et
731 459 797 506 tunc
820 449 903 507 litem
936 448 1033 506 denuo
1055 457 1206 514 excutere.
1260 446 1350 507 Vides
1417 488 1419 518 ,

209 557 264 615 noc
292 556 358 613 loco
388 555 446 612 ista
483 555 610 613 breviter
638 561 669 613 ct
701 551 814 612 infinite
847 553 926 610 dicta
954 553 1022 623 Quis
1042 554 1093 608 tibi
1115 595 1123 609 .
1146 595 1155 610 .
1179 595 1186 610 .
1214 570 1351 612 scema

210 666 298 738 poeta
330 658 433 717 deinde
463 677 543 717 mnre
577 675 630 716 sun
658 656 833 735 amplificari
867 657 998 716 versibus
1027 656 1285 735 subsequentibus,
1319 659 1348 716 in

214 765 315 844 quibus
339 764 552 844 quodlegimus
575 781 642 837 quos
664 764 897 837 deturpentur,
919 781 989 820 com
1013 771 1086 833 cet,
1107 761 1268 840 respondet
1288 781 1352 822 ver·
1417 778 1419 835 ι

212 869 255 930 bis
277 881 344 928 tom
366 873 493 926 ementi
508 870 594 937 tulin,
616 867 636 940 i.
660 886 686 924 e.
711 875 785 926 tum
814 886 888 926 cum
911 867 1051 928 cernebas
1075 867 1166 938 talia3
1197 874 1351 928 utentem
1417 934 1419 943 ‚

209 974 262 1033 illa
284 981 365 1032 certe
387 980 487 1031 aetate
507 969 629 1029 Romani
653 970 790 1030 videntur
812 981 867 1028 ωιο
892 1014 899 1025 .
922 1007 929 1030 ⁴
951 971 1166 1041 condixisse,
1197 995 1254 1033 uon
1284 989 1353 1035 ωηο
1417 995 1419 1037 3

210 1125 217 1136 .
241 1121 248 1136 .
271 1098 344 1149 com,
367 1076 447 1157 (uam
471 1077 557 1136 etiam
583 1075 657 1154 apud
677 1073 848 1136 Cicerone·
869 1075 916 1134 ubi
938 1087 1005 1134 tunc
1026 1119 1034 1136 .
1059 1121 1065 1134 .
1089 1098 1151 1137 coni
1175 1081 1243 1139 olim
1266 1069 1352 1140 lecti-¹

210 1183 337 1253 trabatur,
360 1200 435 1240 nuuc
456 1179 520 1238 fere
543 1191 598 1238 tom
621 1179 731 1255 editur)
755 1179 797 1237 ita
819 1180 875 1238 boc
891 1179 1027 1241 locens
1048 1189 1176 1252 cernenti
1190 1185 1353 1266 Vergilium
1417 1209 1419 1254 ι

210 1287 364 1366 scripsisse
387 1285 533 1364 probabile
555 1292 612 1344 est.
657 1281 717 1342 Sed
739 1304 797 1342 nou
821 1304 895 1362 opus
926 1293 973 1344 est
1001 1288 1117 1359 multis,
1149 1308 1243 1369 neque
1274 1291 1354 1350 enim
1417 1326 1419 1346 2

187 1391 313 1462 ¹video,
346 1409 436 1469 quare
454 1389 489 1447 ab
520 1409 555 1448 en
580 1407 655 1446 nunc
677 1388 841 1458 discedam,
875 1390 952 1467 quod
975 1389 1043 1448 olim
1066 1393 1203 1452 contendi
1226 1395 1353 1460 (tumst.
1417 1376 1418 1397 ³

212 1495 323 1576 Vergil.
346 1494 436 1552 XXV
459 1505 525 1552 tanc
544 1513 565 1578 a
588 1492 721 1574 Vergilio
744 1515 801 1552 nou
822 1494 891 1572 poni
917 1494 972 1552 nisi
1003 1502 1072 1554 ante
1100 1497 1238 1571 vocales3
1275 1500 1353 1557 idem
1417 1524 1418 1553 ι

213 1598 579 1659 asseveratLachmannus
592 1598 627 1656 ad
643 1599 765 1658 Lucret.
792 1602 820 1669 1,
845 1601 905 1658 130
929 1602 1027 1670 „Tune
1049 1609 1118 1659 aute
1139 1611 1353 1661 consonantem

125 1755 146 1764 ,ι
212 1709 316 1762 contra
346 1708 496 1780 poetarum
532 1701 849 1780 antiquiorum-usum.
866 1699 914 1782 ¹)”
959 1687 1090 1784 lienique
1116 1704 1166 1764 fac
1190 1690 1352 1786 Vergilium

210 1807 366 1884 scripsisse
389 1809 455 1879 Quis
477 1807 527 1864 tibi
547 1817 639 1872 ¹tone
660 1825 771 1876 sensus,
795 1826 890 1865 nonne
912 1826 1013 1886 parum
1035 1818 1104 1888 apte
1126 1811 1281 1889 scripsisse
1311 1813 1353 1870 vi·
1417 1853 1419 1863 s

213 1893 350 1970 dereturl
373 1921 438 1968 tanc
459 1911 545 1980 euim,
567 1910 586 1968 i.
611 1930 637 1969 e.
662 1912 717 1970 boc
740 1911 875 1970 maxime·
889 1890 1020 1990 tempore
1043 1914 1105 1973 sive
1128 1922 1187 1973 tum
1212 1917 1350 1988 maxime,

132 1994 134 2000 Ι
212 2019 325 2078 iuberet
356 2037 410 2076 uos
439 2017 475 2082 de
498 2028 639 2096 excerpto
668 2017 752 2096 quasi
774 2037 812 2076 ex
840 2018 955 2096 reliquo
976 2025 1108 2098 tempore
1131 2029 1277 2079 momento
1301 2041 1353 2078 co-

210 2124 327 2204 gitar03
358 2119 487 2178 excludit
510 2119 583 2179 enirn
607 2129 706 2180 cetera
738 2129 871 2200 tempore
893 2141 950 2180 nou
982 2122 1011 2182 in
1034 2143 1071 2182 eo
1095 2133 1203 2202 puncto
1226 2126 1351 2204 posita3
1417 2185 1419 2188 ,

211 2229 309 2306 itaque
340 2245 393 2284 uos
422 2225 458 2282 ad
482 2224 620 2302 temporis
643 2225 717 2282 certi
749 2225 960 2304 cogitationem
995 2227 1175 2304 potissimum
1198 2221 1351 2303 auocaret,
1417 2294 1418 2297 Ἴ

137 2339 139 2342 ’
210 2331 238 2390 id
261 2331 337 2410 quod
360 2329 497 2388 abhorret
518 2328 553 2386 ab
576 2328 631 2387 boc
654 2329 731 2398 loco,
754 2329 801 2387 ubi
821 2330 876 2388 toti
899 2350 998 2390 sumus
1021 2326 1053 2389 in
1072 2333 1126 2392 boc
1150 2334 1352 2413 cogitatione:
1417 2322 1419 2392 ζ

211 2435 284 2501 Quis
322 2433 372 2493 tibi
399 2451 502 2492 sensus
533 2434 663 2492 cernenti
696 2435 782 2492 talia!
819 2444 875 2492 tom
894 2427 1047 2495 ,adiectum
1084 2445 1146 2509 est,
1176 2420 1233 2517 duo
1265 2445 1353 2518 quasi

106 2561 108 2568 ’
211 2541 317 2601 leviter
340 2545 597 2618 praemonstretur
614 2539 683 2598 illud
707 2544 834 2598 cernenti
847 2544 930 2614 tntin3
954 2541 1088 2600 similiter
1113 2545 1162 2613 lo,
1184 2546 1247 2603 533
1271 2547 1352 2614 „iam
1417 2582 1418 2585 =

212 2654 282 2704 tum
306 2643 444 2702 Pallante
467 2643 648 2722 perempto,'’
671 2643 719 2706 ubi
741 2643 769 2701 iu
793 2644 873 2703 nullo
896 2645 998 2705 codice
1020 2655 1067 2704 est
1088 2656 1163 2704 tunc.

296 2749 369 2807 Aen.
392 2753 422 2818 d,
445 2748 520 2806 oto.
567 2749 761 2828 Dardaniique
782 2767 886 2825 repom
906 2753 1007 2823 cupitis
1024 2755 1185 2822 permiuere
1206 2749 1351 2811 flammae.

113 2876 115 2880 ·
210 2855 329 2927 flammis
347 2873 388 2910 >ex
412 2871 469 2910 unc
491 2851 626 2910 Mediceo
645 2852 837 2932 Ladewigius
860 2864 891 2912 et
913 2854 1076 2933 Hauptius;
1100 2873 1157 2915 non
1180 2865 1251 2934 puto
1273 2857 1352 2916 duos
1417 2924 1418 2927 Ἴ

198 2958 348 3037 deinceps
371 2973 473 3017 versus
498 2954 604 3033 copula
627 2953 703 3014 iuter
725 2977 758 3016 se
780 2957 911 3028 iunctos,
940 2959 998 3017 nisi
1016 2968 1099 3033 certa
1124 2960 1201 3018 ratio
1216 2958 1251 3018 td
1281 2981 1351 3020 sua·
1417 3038 1418 3043 ἵ

212 3063 290 3134 deat,
313 3069 371 3120 tam
395 3058 560 3139 aequaliter
582 3059 663 3118 exire
686 3070 802 3139 passum
826 3048 893 3121 erse
917 3062 1092 3143 Vergilium:
1417 3050 1418 3053 ¹

338 3169 473 3239 inponere
495 3148 571 3222 coris

336 3273 497 3344 permittere
516 3269 644 3351 [lammis.
724 3333 727 3336 ⁴

210 3375 313 3452 ltaque
337 3374 460 3442 noudum
483 3395 600 3453 possum
623 3395 642 3432 a
664 3393 708 3435 roe
732 3373 897 3450 inpetrare,
920 3379 952 3430 ut
971 3373 1101 3443 [ωοιωοο
1122 3369 1260 3430 reiieiam.

295 3477 368 3536 Aen.
393 3483 422 3548 4,
445 3479 525 3538 dtu·
564 3481 618 3540 llic
639 3483 760 3554 pradum
781 3480 873 3536 stadio
895 3480 1037 3535 celerabat
1058 3475 1173 3534 anilem.

175 3631 177 3636 .
209 3585 279 3641 caiti
301 3583 508 3663 Ladewigius,
543 3604 627 3664 quam
656 3604 714 3642 nou
744 3581 920 3642 converiicns
943 3581 1043 3661 epicoc
1072 3581 1232 3662 gravitati,
1263 3602 1349 3660 prae·

208 3687 307 3746 sertim
337 3688 365 3745 in
398 3688 452 3746 boc
474 3709 569 3748 rernm
603 3689 699 3771 statu!
731 3689 870 3746 comicum
901 3696 947 3745 est
975 3686 1007 3744 et
1029 3688 1180 3753 ridiculum
1202 3685 1263 3744 tale
1284 3696 1348 3745 stu·

137 3809 139 3813 ·
208 3791 285 3850 dium
304 3792 517 3870 „spectantibus
551 3811 752 3870 revocansque
781 3791 810 3849 in
849 3791 972 3850 animum
988 3782 992 3842 ¹.
1011 3790 1220 3851 Terentianum
1257 3789 1347 3848 illud:

183 3915 315 3979 „move
342 3915 412 3955 vero
443 3899 524 3955 ocius
552 3905 598 3966 te,
635 3897 744 3954 nutrix.
768 3929 809 3938 -—
852 3895 968 3954 blanco.
995 3911 1043 3961 ,--⁴
1083 3894 1200 3972 Video,
1230 3903 1278 3951 set
1305 3897 1347 3954 nil
1417 3948 1418 3969 p

182 4000 395 4082 promoves?
439 3999 583 4078 Hauptius
606 4000 728 4070 retinuit
749 4002 860 4056 anilem.
1102 3994 1104 3997 ’

284 4117 324 4189 13)
345 4115 426 4181 Quid,
446 4118 517 4188 quod
536 4111 639 4172 Cicero
658 4116 775 4169 fortusse
794 4134 940 4188 numquam
960 4116 1071 4186 scripsit
1087 4080 1160 4176 tanei
1181 4131 1244 4166 raro
1271 4116 1346 4184 apud
1417 4162 1418 4165 ,

182 4209 183 4213 ’
209 4205 271 4243 eum
291 4187 345 4256 legi
358 4188 402 4240 'ait
415 4185 535 4242 Orellius
548 4191 581 4244 nd
603 4188 678 4244 Brut.
696 4190 723 4250 8,
742 4189 790 4247 33;
810 4190 884 4262 quid,
903 4190 926 4242 si
945 4189 1026 4242 etism
1039 4188 1072 4240 iis
1086 4186 1163 4248 locis,
1183 4184 1229 4240 ubi
1243 4187 1347 4240 etiam-

209 4277 282 4322 nunc
308 4261 417 4329 legitur,
441 4259 545 4314 illatum
576 4270 618 4316 est
642 4278 655 4313 ι
684 4260 804 4312 librariis
833 4259 1025 4314 consuetudini
1054 4258 1221 4330 posterioris.
1249 4260 1346 4312 relatis

105 4350 106 4354 ¹
209 4329 342 4384 addictis?

1103 4517 1114 4546 t
