2842 4817
169 1623 226 1701 Diu
249 1650 313 1713 est,
344 1642 409 1702 Vir
430 1642 807 1713 Praestantissimo,
835 1641 912 1721 qnod
935 1641 1051 1703 decmvi
1074 1642 1227 1722 compluri-

10 1764 11 1769 ’
82 1745 135 1805 bus
158 1747 303 1805 amicitiae
331 1746 438 1818 Tuae
474 1747 650 1805 testimoniis
683 1752 861 1825 provocatus
898 1753 930 1804 et
958 1746 1053 1826 palam
1084 1744 1228 1825 profiteri,

83 1851 183 1929 quanti
206 1849 379 1922 calneium,
402 1857 432 1909 et
454 1852 580 1932 gratiam
595 1851 686 1910 Tibi
710 1848 824 1910 referre
846 1850 872 1909 si
887 1870 945 1909 non
962 1869 1108 1931 magnam,
1131 1858 1227 1908 tamea

83 1956 320 2035 qualemcumque
343 1956 461 2037 possim.
514 1954 765 2036 Circumspicienti
796 1962 894 2015 autem
917 1956 1001 2026 mibi,
1035 1955 1164 2036 acceptis
1187 1956 1227 2014 iu·

82 2060 265 2119 enodissimis
288 2060 462 2136 muneribus,
485 2061 552 2141 qnid
576 2061 757 2142 potissimum
781 2060 866 2120 Tibi
888 2061 1075 2131 remitterem,
1098 2060 1178 2118 ultro
1195 2079 1228 2118 se

84 2165 191 2225 obtulit
210 2166 378 2246 Vergilius,
410 2164 480 2226 fons
503 2166 553 2225 ille
576 2167 768 2226 communium
790 2167 942 2245 utriusque
964 2174 1096 2225 nostrum
1118 2165 1228 2225 studio·

10 2252 11 2255 Ἴ
37 2275 39 2279 ’
82 2290 156 2329 rum.
201 2271 300 2330 Statui
322 2271 473 2352 igiturex
497 2272 553 2331 boc
584 2272 712 2350 aliquam
743 2272 893 2331 materiam
923 2271 1065 2330 scribendi
1088 2290 1230 2351 quaerere

85 2376 241 2456 Tibique
265 2374 389 2448 offerre,
413 2396 488 2457 quae
511 2377 695 2440 invenissem.
740 2376 901 2456 Postquam
924 2396 1017 2435 annos
1039 2376 1142 2435 abbinc
1165 2395 1229 2454 pro·

28 2504 30 2510 ’
85 2500 120 2560 pe
150 2480 275 2561 triginta
304 2481 424 2559 primum
457 2479 532 2539 edidi
563 2480 744 2561 Vergilium,
779 2480 861 2539 multi
884 2480 1077 2551 exstiterunt,
1111 2481 1160 2561 qui
1182 2480 1228 2540 vel

85 2585 269 2645 emendandis
291 2585 336 2645 vel
361 2586 588 2665 interpretandis
611 2586 656 2644 his
679 2586 853 2645 carminibus
876 2604 994 2665 operam
1012 2585 1125 2644 darent.
1171 2583 1228 2642 Sed
1261 2569 1263 2576 ⁴

76 2709 147 2749 ,cum
171 2689 292 2770 longum
315 2689 354 2748 sit
378 2690 474 2749 omnia
496 2690 673 2761 consectari,
697 2689 781 2748 libuit
802 2689 933 2748 criticam
956 2696 1067 2768 partem
1090 2689 1229 2769 seligere,

85 2814 121 2854 ae
143 2812 178 2853 ne
200 2795 275 2852 bane
297 2793 411 2872 quidem
433 2800 541 2865 totam3
564 2793 687 2857 verebar
709 2794 799 2864 euim,
829 2793 858 2852 id
880 2794 907 2852 si
928 2791 1076 2865 facerem,
1099 2814 1135 2852 ne
1157 2794 1229 2873 pati·

85 2899 165 2958 entia
187 2898 270 2956 Tua
291 2897 446 2970 abuterer3
469 2896 520 2956 sed
543 2896 754 2978 contemplanti
777 2897 922 2976 prolixum
935 2898 1056 2957 indicem
1073 2898 1230 2957 lectionum

85 3003 193 3062 a'Pb.
216 3001 462 3083 hadewigio,
486 3000 633 3081 elegantis
656 2987 768 3082 ingenii¹
784 3001 909 3073 bomine,
933 3009 1108 3061 mutatorum
1120 3002 1231 3082 placuit

85 3106 271 3178 examinare,
304 3106 371 3185 quid
402 3107 566 3166 emendatio
597 3105 721 3187 Vergilii
750 3125 787 3164 ex
818 3106 881 3165 eius
910 3107 1038 3166 editione
1061 3105 1230 3185 profecerit.

85 3214 151 3295 Age
174 3214 282 3294 igitur,
302 3214 368 3272 Vir
389 3214 637 3286 amicissime,
666 3221 697 3273 et
719 3213 822 3273 volens
845 3214 950 3293 praebe
973 3215 1031 3273 Te
1054 3215 1121 3273 mibi
1145 3216 1230 3274 comi·

85 3328 142 3378 tem
166 3319 224 3377 iter
245 3319 301 3377 boc
323 3319 524 3398 persequenti,
547 3308 663 3398 plenum
687 3316 759 3376 illud
782 3317 895 3397 quidem
918 3318 1087 3397 spinarum,
1110 3338 1146 3377 ex
1170 3320 1230 3398 qui·

84 3423 185 3483 bussi
208 3421 289 3482 forte
312 3423 429 3503 integra
451 3431 540 3501 atque
571 3423 774 3494 incruentata,
808 3429 860 3480 aut
890 3421 994 3481 saltem
1026 3442 1084 3481 non
1105 3422 1232 3502 undique

85 3528 217 3588 lacerata
240 3536 308 3587 cute
330 3546 469 3599 evasero,
491 3535 609 3608 gratum
632 3526 659 3585 id
683 3527 752 3586 mibi
774 3528 857 3586 Tua
880 3528 967 3585 etiam
990 3546 1080 3586 causa
1102 3526 1231 3585 futuram

86 3641 142 3705 est,
165 3632 243 3712 quia,
266 3632 315 3711 qui
338 3640 384 3691 est
407 3632 510 3690 Tuus
533 3651 607 3713 erga
632 3650 676 3690 me
699 3632 822 3703 animus,
846 3632 902 3690 Te
924 3631 1000 3690 baud
1024 3632 1117 3689 minus
1139 3650 1174 3689 ea
1190 3650 1233 3702 re,

87 3752 173 3817 quam
196 3755 259 3808 me,
282 3737 451 3817 gavisurum
475 3756 542 3795 esse
564 3736 637 3795 seio.

172 3841 255 3900 Misit
277 3841 344 3899 mibi
366 3841 583 3911 interea,*dum
607 3861 679 3919 paro
704 3839 813 3919 aliquid
836 3838 872 3897 ad
896 3837 953 3897 Te
977 3837 1115 3909 scribere,
1138 3838 1183 3898 vir'
1204 3838 1233 3897 in

86 3946 142 4004 boo
165 3964 275 4026 genere
297 3943 446 4003 literarum
479 3944 765 4014 excellentissimus,
797 3942 1005 4003 Mauritius
1034 3942 1234 4023 llauptius,

86 4049 247 4131 Vergilium
270 4050 332 4108 suis
354 4050 433 4108 curis
456 4049 628 4129 expolitum.
674 4050 777 4129 ltaque
808 4050 836 4107 iu
860 4047 937 4107 omni
959 4046 1014 4105 bac
1035 4046 1234 4127 disputatione

86 4155 320 4229 commemoravi,
344 4154 411 4234 quid
434 4154 459 4212 is
483 4173 599 4237 quoque
621 4154 688 4213 loco
712 4162 833 4213 secutus
855 4152 911 4225 sit3
937 4150 1024 4229 idque
1045 4150 1233 4224 feciductum

86 4269 119 4319 ut
143 4280 196 4341 par
217 4268 279 4332 est,
312 4258 478 4320 reverentia
509 4259 584 4317 tanti
614 4254 809 4339 grammatici.
861 4258 901 4315 llt
930 4263 1066 4326 constat,
1096 4265 1235 4335 quantum

88 4366 157 4424 olim
194 4364 348 4423 tribuerint
381 4356 554 4443 magnorum
586 4364 714 4423 virorum
738 4362 931 4433 auctoritati3
961 4360 1037 4439 quod
1060 4380 1149 4441 saepe
1172 4381 1236 4421 cum

709 4476 715 4483 ’
739 4489 744 4524 ;
816 4504 821 4508 1
946 4457 987 4522 1⁴
