2842 4817
193 212 235 272 eu
630 211 751 278 unarum
770 212 904 279 wegesaz

196 365 415 444 obtemperans3
447 376 513 438 tum,
537 367 614 447 quod
638 385 697 446 ego
721 364 814 437 edidi,
842 366 966 424 retinuit
988 366 1148 445 Hauptius3
1180 366 1238 426 vid.
1267 385 1346 446 quae

197 469 366 548 scripsimus
390 471 427 529 ad
448 474 478 543 4,
492 472 566 532 108.
1257 549 1259 551 ,

282 574 355 634 Aen.
381 579 430 646 10,
453 578 516 636 1181
536 596 581 657 aq.
798 577 854 633 Sed
874 594 933 633 coe
954 586 982 632 et
1006 577 1105 632 Μαι
1125 577 1207 632 imos

396 683 479 739 Dicta
499 692 587 756 parnt
608 681 755 750 *contra3
785 679 910 738 iaculum
934 699 1000 756 nam
1023 687 1142 759 torquet
1165 680 1194 737 in
1217 680 1347 738 bostem.

195 784 326 864 Apposui
340 786 499 846 asteriscos
512 785 607 846 verbis
631 783 839 863 languentibus
861 790 892 842 et
906 785 1140 864 supervacaneis
1161 794 1265 843 ema
1290 825 1299 841 .
1316 826 1324 842 .
1341 826 1348 842 .

176 891 318 960 ·bnstcm‚·
348 891 542 950 detraxerunt
572 909 625 948 eos
655 887 847 968 Ladewigius
877 896 907 946 et
937 888 1092 967 Hauptius.
1143 889 1215 948 blibi
1244 889 1348 948 etiam·

197 1011 272 1052 nunc
294 992 411 1053 ridetur
432 993 577 1073 particula
601 1011 668 1051 anas
690 991 915 1071 interpolatoris
938 1011 1052 1051 manum
1074 993 1210 1073 prodere.

281 1097 354 1156 Aen.
380 1101 623 1169 10,711-18.
677 1095 765 1162 Quod
788 1094 946 1174 aliquoties
968 1094 1027 1156 feci
1057 1097 1085 1156 in
1110 1116 1173 1156 mea
1201 1096 1349 1168 editione,

195 1209 243 1274 nt,
273 1203 395 1282 quaein
420 1203 571 1281 Heyniana
598 1201 771 1261 recensione
798 1200 958 1259 carminum
983 1200 1219 1282 Vergilianorum
1251 1199 1346 1262 facile

195 1306 268 1367 ferri
290 1309 444 1388 probarire
467 1317 599 1389 possent,
623 1307 735 1367 intacta
757 1305 966 1384 relinquerem,
989 1304 1048 1366 feci
1071 1307 1158 1366 etiam
1181 1307 1239 1366 buc
1262 1285 1345 1366 luco.

196 1413 315 1473 Retinui
338 1415 391 1473 bns
413 1433 518 1473 veram
540 1434 576 1473 eo
601 1413 702 1472 ordine
725 1412 902 1481 collocatos,
926 1430 983 1490 quo
1007 1410 1172 1470 collocandi
1195 1411 1348 1472 visisunt

196 1537 258 1576 cum
282 1518 348 1578 aliis
370 1518 547 1578 doctissimis
570 1517 659 1588 viris,
682 1525 744 1576 tum
765 1517 890 1593 Reyniu.
937 1515 997 1575 Nec
1020 1517 1220 1577 discesserunt
1244 1517 1281 1575 ab
1307 1537 1345 1576 ea
1414 1512 1415 1555 l

196 1623 311 1682 ratione
339 1623 462 1682 labnins
494 1632 583 1703 atque
606 1623 761 1703 Hauptiua.
815 1620 1006 1702 Ladewigina
1036 1621 1168 1680 restitnit
1197 1622 1346 1694 ordinem,

196 1729 310 1810 qualem
333 1729 470 1788 exhibent
493 1728 557 1788 libri
581 1748 664 1799 mss.3
688 1726 740 1786 sed
764 1726 807 1785 ita
829 1735 927 1785 manet
950 1725 1120 1797 difficultas,
1143 1734 1293 1806 quaeest
1317 1729 1347 1787 in

197 1831 291 1894 verbis
313 1843 392 1909 terpo
415 1835 519 1892 decem
539 1835 641 1892 besens.
686 1832 752 1890 Non
784 1839 884 1890 essent
912 1831 1030 1890 silentiu
1063 1831 1348 1911 praetermittendae

196 1937 508 2018 imitationeslaueani
531 1939 561 2008 0,
587 1938 750 1997 208--10
772 1942 803 1995 et
826 1936 916 1994 Statii
939 1935 1036 1995 Theb.
1060 1939 1094 2007 2,
1118 1937 1199 2008 588,
1233 1937 1258 1995 si
1283 1959 1347 1996 non

196 2044 238 2102 ita
260 2049 361 2102 essent
383 2050 581 2122 comparatae,
605 2041 674 2100 nibil
697 2048 732 2100 ut
754 2040 869 2120 prosint
891 2041 928 2100 ad
943 2042 1017 2100 bane
1037 2024 1116 2101 litem
1142 2042 1346 2102 dirimendam.

281 2148 354 2207 Aen.
381 2150 429 2219 10,
454 2149 527 2207 821.
573 2149 609 2206 Et
629 2157 746 2206 meatem
765 2150 881 2220 patriae
902 2145 990 2205 subiit
1008 2148 1121 2219 pietatis
1143 2151 1247 2222 inape.

79 2301 80 2304 ,
196 2256 312 2312 elciaait
328 2251 519 2332 Ladewigius
542 2260 573 2310 et
589 2251 751 2330 llauptius3
775 2268 833 2329 ege
856 2250 941 2320 subiit
961 2257 1063 2322 tene03
1086 2253 1218 2321 sirianis,
1247 2253 1347 2311 utalia

196 2357 261 2434 [aliis¹
285 2357 386 2427 locis,'
408 2357 529 2416 debetur
552 2355 678 2415 librariis
701 2373 817 2414 versum
840 2354 871 2424 0,
895 2355 959 2412 204
980 2353 1120 2414 memoria
1142 2355 1322 2416 tenemibns.

281 2462 353 2521 Aen.
381 2463 429 2532 10,
452 2464 525 2522 881.
569 2463 689 2520 Desine:
711 2460 768 2518 iam
791 2463 873 2516 nenio
895 2463 1057 2517 morbusne.
1241 2521 1244 2524 ⁴

195 2581 261 2628 nom
292 2587 328 2626 ex
363 2567 526 2646 potioribus
560 2565 644 2625 codd.
678 2565 872 2624 restituerunt
903 2563 1094 2644 Lndewigins
1124 2572 1155 2622 et
1184 2564 1345 2644 Hauptius.

185 2673 266 2732 mini
298 2671 411 2751 quidem
442 2672 607 2730 etiamnunc
631 2645 802 2750 persuasum
832 2678 879 2728 est
909 2669 937 2740 id
966 2687 1033 2728 eam
1063 2668 1217 2749 originem·
1235 2669 1346 2730 debere

196 2785 346 2838 extremae
368 2776 499 2854 syllabae
522 2777 692 2857 praegressi
715 2775 794 2835 rerbi
817 2776 937 2844 Derim,-
958 2783 990 2833 et
1011 2792 1093 2845 cum,
1117 2793 1192 2854 quae
1214 2795 1344 2854 sequun-
1413 2814 1414 2853 p

197 2892 247 2942 tur
267 2886 324 2939 inan
345 2885 427 2939 nenio
449 2884 612 2952 moriturus,
637 2900 689 2959 per
711 2899 744 2938 se
766 2879 919 2938 continere
943 2897 1061 2938 causam
1084 2879 1216 2958 possint,
1250 2899 1346 2958 quare
1413 2864 1414 2919 l

192 2987 331 3046 desinere
343 2985 469 3044 Aeneam
484 2983 648 3044 Mezentius
673 2984 761 3054 iubet,
786 2983 881 3043 omitti
904 3001 971 3040 anm
992 2982 1086 3043 satius
1109 2992 1174 3044 erat
1196 3003 1235 3042 ex
1258 3006 1344 3045 more

197 3100 364 3173 poetarum3
393 3107 446 3148 nec
461 3088 597 3158 mirabor,
623 3088 648 3146 si
663 3087 709 3146 cui
733 3106 768 3146 ea
790 3086 939 3167 particula
961 3087 1007 3145 bic
1024 3088 1176 3167 παρέλκειν
1194 3088 1343 3149 rideatur.
1413 3142 1414 3207 l

199 3199 239 3256 Ac
262 3195 378 3255 facilius
401 3193 515 3254 tulerim
540 3193 595 3252 boc
617 3210 693 3263 anm,
717 3191 772 3251 nisi
794 3191 946 3271 superiore
963 3211 1049 3253 versu
1065 3192 1137 3251 laec
1153 3193 1343 3274 legerentur:

198 3302 280 3374 „Nec
302 3308 423 3359 mertam
447 3298 629 3369 horremus’',
662 3316 737 3376 qnae
760 3303 791 3354 et
818 3297 881 3375 ipsa
910 3295 1081 3377 significant
1110 3317 1174 3356 enm
1204 3307 1343 3376 paratum

197 3421 264 3465 esse
288 3405 369 3465 mori.
414 3403 602 3482 Aptissimum
625 3409 723 3461 autem
747 3401 814 3460 buic
836 3401 965 3462 orationi
987 3406 1061 3473 ὅσοι,
1084 3422 1150 3460 nam
1172 3421 1235 3461 cum
1252 3405 1343 3464 modo

197 3510 332 3569 universe
355 3514 385 3566 et
406 3515 536 3586 tempore
560 3525 617 3566 non
642 3513 746 3565 notato
769 3505 896 3564 dixisset
923 3525 955 3564 se
986 3524 1050 3564 eum
1073 3525 1154 3578 esse,
1187 3507 1235 3586 qui
1267 3529 1344 3568 mnr-
1413 3496 1415 3561 l

199 3625 257 3674 tem
281 3633 338 3673 nen
361 3614 503 3684 horreret,
528 3631 602 3670 nunc
625 3611 695 3670 dicit
719 3631 751 3669 se
774 3610 838 3669 iam
859 3610 921 3690 (eo,
945 3630 1002 3689 quo
1021 3611 1093 3670 baec
1108 3611 1249 3692 loquitur,
1269 3621 1344 3674 tem..

198 3729 282 3800 pore)
313 3718 350 3777 ad
381 3716 574 3798 oppetendam
597 3725 720 3776 mortem
748 3717 859 3776 venire.
913 3715 1048 3775 Ceterum
1078 3717 1107 3775 in
1138 3717 1224 3777 simili
1252 3738 1342 3778 rersu

199 3826 229 3896 0,
253 3824 332 3894 201,
363 3840 420 3900 quo
451 3822 597 3881 vitaretur
625 3841 707 3891 anm,
743 3819 891 3901 Vergilius
920 3819 1001 3881 hiare
1029 3819 1131 3881 maluit
1161 3823 1343 3884 orationem:

199 3929 301 4010 „Hanc
324 3927 387 3987 sine
410 3937 462 3986 me'
476 3945 556 4006 spem
578 3925 658 3985 ferre
679 3926 738 3985 tui:
760 3925 918 3984 audentior
938 3926 986 3986 ibo
1011 3927 1041 3986 ln
1064 3944 1150 3986 casua
1174 3927 1299 3987 omnia'?

284 4015 506 4110 00110115.
551 4033 657 4090 Conna
671 4032 753 4089 turba
770 4033 904 4107 Pbsypum
925 4035 1038 4090 nanim
1057 4034 1221 4108 pinapeatia
1242 4034 1345 4115 iungit
1412 4104 1413 4107 Ἴ

548 4135 679 4211 Apstine.
788 4180 792 4186 .

198 4247 317 4318 ianque!
337 4241 498 4300 eMediceo
521 4241 645 4319 aliisque
667 4239 748 4299 libris
771 4239 922 4300 revocavit
944 4239 1144 4321 hadewigiuu
1167 4242 1243 4321 qnod
1260 4244 1340 4304 unde

201 4359 296 4406 ortum
319 4346 368 4416 sit,
391 4339 515 4403 conatus
538 4364 601 4404 sum
633 4345 789 4404 ostendere
814 4345 937 4410 (tuaest.
963 4344 1072 4425 Vergil.
1098 4346 1175 4418 Vlll,
1198 4350 1237 4418 2,
1267 4368 1286 4406 a
1310 4359 1342 4408 et

1412 4464 1413 4535 l

1412 4640 1414 4741 l
