2842 4817
220 224 262 284 94
660 223 781 291 Philippi
798 196 936 291 Wegudri

220 359 286 435 mon
310 376 384 435 banc
407 394 469 434 cum
491 374 613 434 Medeae
636 375 820 448 crudelitate,
852 398 909 458 qun
933 378 1045 457 quidem
1069 374 1138 437 nibil
1161 377 1289 459 cogitari
1311 398 1360 436 so·

115 506 130 540 ,¹
217 483 259 542 let
282 481 442 540 immanius.
486 480 559 539 Num
583 481 691 561 igitur,
715 482 819 561 inquit,
842 484 990 543 crudelior
1011 493 1118 554 mater,
1141 503 1178 548 uu
1201 481 1362 562 improbior
1405 538 1406 545 ,

216 588 325 646 Amori
369 584 517 665 lmprobus
550 595 597 644 est
618 588 725 658 Amor,
756 607 927 667 quemquam
954 597 1051 650 mater
1079 607 1195 668 quoque
1224 606 1360 666 magnam

216 692 343 751 sustinet
366 690 549 749 crudelitatis
572 691 696 770 culpam.
754 693 836 773 Ergo
858 713 931 752 cum,
947 693 1050 753 bledee
1073 714 1126 774 pro
1149 692 1284 771 exemplo
1307 710 1359 749 ex·

216 789 327 866 tremee
349 795 538 854 immanitatis
560 795 720 868 habentur,
744 804 840 857 tamen
864 799 1032 878 improbitas
1062 798 1178 857 Amoris
1205 797 1285 855 illmn
1309 815 1358 852 su·

214 909 316 982 perat,
340 901 445 980 quippe
468 901 516 979 qui
540 901 609 959 telis
632 902 819 962 immunitatis
843 905 986 985 magister
1007 903 1106 963 luerit.
1159 903 1189 961 lo
1212 902 1257 960 bis
1279 901 1361 978 equi·

215 1008 279 1066 dem
302 1007 370 1067 nibil
395 1007 597 1085 deprehendo,
632 1007 709 1085 quod
742 1009 1049 1088 meritoineptum
1081 1007 1360 1085 absurdumque

214 1115 339 1175 dicatur.
395 1113 461 1192 Ego
494 1131 564 1171 vero
591 1110 681 1171 focile
707 1111 811 1172 diffido
841 1134 924 1173 meae
954 1115 1187 1194 perspicacitati3
1217 1112 1269 1170 scd
1291 1130 1360 1168 cum

215 1239 251 1278 ne
265 1217 370 1276 Vossio
390 1216 503 1295 quidem
527 1235 631 1294 equam
654 1217 700 1276 bic
717 1217 848 1277 beesissc
865 1218 987 1290 videam,
1011 1239 1068 1277 non
1084 1217 1250 1276 retractabo
1269 1234 1358 1285 nunc,

177 1391 180 1398 ,
214 1342 289 1404 quae
311 1321 414 1379 dudum
439 1340 457 1378 a
481 1340 524 1378 me
547 1320 657 1400 scripta
679 1329 748 1379 sunt
771 1322 799 1380 in
823 1322 933 1380 maiore
955 1329 986 1380 et
1008 1321 1119 1380 minore
1141 1320 1279 1379 editione.
1302 1318 1358 1376 Ce-

213 1435 307 1486 terum
330 1445 392 1484 cum
415 1443 531 1485 versum
554 1428 595 1485 50
619 1425 746 1484 retinent
776 1425 975 1497 llermeunus,
1006 1446 1063 1484 non
1089 1425 1204 1484 videtur
1232 1423 1359 1502 liquere,

214 1551 303 1612 quare
325 1551 360 1591 eo
385 1549 470 1592 versu
493 1549 600 1605 quoque
621 1549 720 1588 verum
744 1529 801 1601 sit,
826 1551 884 1590 non
907 1532 978 1590 item
998 1551 1042 1590 vs.
1059 1533 1111 1590 48.
1155 1529 1261 1608 Pergit
1283 1527 1358 1584 ller-

88 1703 90 1707 ,
213 1641 350 1697 mannus:
375 1635 440 1708 „De
463 1635 529 1712 sola
551 1634 666 1693 Amoris
689 1634 813 1693 saevitia
835 1656 932 1696 sermo
956 1645 1020 1708 est3
1043 1636 1163 1693 Medeae
1184 1631 1358 1703 crudelitas,
1405 1670 1406 1675 κ

214 1751 247 1801 ut
269 1725 430 1820 exemplum
454 1739 571 1798 Amoris
594 1738 755 1809 saevitiae,
779 1738 864 1798 modo
878 1741 1060 1801 levitererat
1074 1737 1239 1819 tangenda3
1262 1756 1359 1815 quere

213 1847 348 1928 quaestio
372 1845 424 1904 ills
446 1845 569 1904 medelis
591 1852 682 1899 muter
712 1847 801 1918 mepte
830 1863 868 1901 nn
900 1861 973 1918 puer
994 1844 1128 1918 mprobus
1157 1845 1204 1899 tlte
1232 1841 1267 1899 ab
1298 1843 1358 1899 boe

213 1953 279 2012 loeo
303 1951 482 2010 alienissime
505 1951 582 2010 est.’'
626 1950 722 2009 Aliter
743 1948 942 2020 iudicabimus,
965 1949 990 2006 si
1013 1949 1069 2006 boc
1083 1936 1271 2031 tenuerimus,
1296 1967 1357 2005 non

213 2047 324 2117 tentum
353 2057 514 2136 exemplum
550 2056 668 2135 aliquod
702 2055 844 2114 sueritiee
874 2054 989 2113 Amoris
1020 2036 1200 2132 proponere,
1229 2052 1298 2122 sed,
1322 2060 1359 2108 ut

212 2163 466 2242 supradiximus,
495 2181 558 2220 eum
583 2161 734 2220 sueritinm
758 2179 821 2217 cum
853 2157 1013 2217 incredibili
1030 2157 1209 2216 crudelitate
1230 2157 1358 2215 bledeee

135 2249 136 2252 Ἴ
163 2291 165 2296 ’
213 2266 390 2326 contendere
412 2274 528 2344 poetam
552 2247 693 2334 voluisse,
717 2283 775 2342 qun
798 2262 933 2322 acerbius
956 2263 1219 2321 notnretslmorem
1231 2259 1359 2320 bledeae

174 2383 176 2389 ’
212 2369 412 2438 crudelitatem
436 2368 621 2439 detestando,
644 2368 695 2427 sed
719 2367 810 2426 multo
833 2369 928 2448 magis
950 2367 1123 2426 detestando
1153 2367 1269 2424 Amoris
1290 2386 1357 2425 see·

92 2527 114 2548 ,Ἰ
213 2475 311 2535 vitiem
335 2475 440 2554 quippe
462 2474 537 2531 banc
566 2471 718 2532 affirmans
753 2472 804 2531 ille
836 2472 927 2530 multo
959 2465 1148 2551 insigniorem
1178 2469 1283 2529 fnisse.
1313 2505 1355 2512 —-

113 2627 114 2634 ,
212 2564 380 2660 Longiores
402 2580 448 2636 bic
460 2577 585 2650 inimum
609 2578 726 2638 brevius
740 2587 840 2638 cetera
853 2578 988 2656 persequi
1004 2578 1112 2666 licebit.
1155 2565 1231 2636 Post
1254 2577 1298 2636 vs.
1311 2580 1357 2636 58

213 2679 358 2760 excidisse
378 2703 495 2743 versum
526 2683 707 2743 llermanuus
730 2683 891 2742 arbitratur
919 2683 1113 2761 emissumque
1139 2680 1234 2762 signis
1264 2678 1357 2738 inter·

212 2789 316 2871 positis
339 2786 467 2848 indicant
489 2787 680 2868 Ludewigius
698 2795 729 2848 et
745 2786 897 2866 llnuptius.
942 2785 1007 2875 Non
1021 2785 1153 2871 negabis,
1175 2785 1357 2856 Antboni,

108 2932 110 2936 ·
212 2897 239 2954 id
260 2890 325 2954 lieri
347 2894 497 2979 potuisse,
520 2892 576 2964 sed
595 2892 671 2970 quod
694 2892 876 2951 llermeunus
898 2891 941 2949 ait
963 2890 1046 2949 nimis
1069 2889 1176 2948 nudum
1196 2909 1263 2948 esse
1281 2889 1357 2947 illud

96 3015 97 3018 ’
212 3003 294 3059 uiuite
320 2997 421 3068 silone,
451 2997 604 3087 ipsumque
631 2997 673 3056 rei
701 2997 843 3056 rationem
873 3005 904 3056 et
926 2997 1165 3077 consuetudinem
1188 3005 1356 3075 poetarum,

212 3111 245 3169 ut
266 3104 391 3163 iteretur
411 3102 467 3159 boc
489 3105 589 3172 eicite,
612 3087 783 3180 postulare,
807 3102 834 3160 id
856 3102 996 3181 exemplis
1018 3121 1035 3160 e
1057 3101 1221 3160 Theocrito
1251 3099 1357 3159 allatis

114 3199 116 3204 ¹
212 3209 302 3285 nullo
316 3207 400 3265 modo
421 3206 540 3286 -proberi
562 3205 713 3265 fateberis.
760 3208 898 3266 lteratum
923 3208 978 3265 boc
1000 3210 1083 3265 sinite
1105 3202 1223 3286 pulchre
1246 3224 1356 3265 conve·

212 3312 288 3372 niret
309 3312 405 3371 unimo
429 3311 566 3370 desiderii
590 3309 694 3389 pleno,
718 3330 818 3392 purum
841 3311 979 3373 convenit
1001 3311 1108 3369 bomini
1130 3309 1297 3388 desperanti
1320 3319 1356 3369 et

211 3417 301 3478 silvas
324 3436 357 3475 se
379 3409 436 3476 uo³n
460 3415 583 3495 amplius
606 3405 710 3476 curare
733 3417 850 3476 dicenti.
908 3417 1044 3476 Ceterum
1067 3416 1144 3495 quod
1168 3417 1355 3474 llermeunus

211 3521 468 3608 talisstsententiee
491 3541 605 3602 versum
630 3523 742 3604 perisse
765 3523 925 3602 existimet,
1011 3564 1013 3568 -
1278 3529 1281 3532 ’

339 3625 465 3696 „Visite
490 3625 654 3685 llleeneliae
677 3626 823 3706 quondam
844 3646 909 3686 mee
931 3638 1040 3705 pascua
1063 3621 1177 3686 unllcs”

168 3719 170 3724 ¹
211 3730 239 3789 id
263 3749 315 3789 uec
345 3729 505 3788 concordet
537 3749 600 3788 curu
625 3738 725 3806 -sensn
754 3731 839 3789 buius
862 3730 1008 3809 pastoris,
1039 3747 1092 3787 nec
1123 3727 1214 3788 valles
1230 3722 1355 3807 'pascuo

209 3835 345 3903 dicuntur
367 3833 548 3915 alergilio.
573 3867 618 3880 ,„.
665 3834 784 3893 Versum
818 3837 877 3893 108
908 3842 1030 3892 auctore
1057 3834 1223 3907 llermnnno
1253 3832 1353 3910 llnup·

210 3939 268 3997 tius
292 3939 375 4017 ponit
396 3945 465 3996 unte
487 3945 530 3998 us.
557 3929 632 3998 toz·
675 3939 847 4010 „Absurde,
875 3939 918 3998 ait
940 3939 1132 4009 llermeunus,
1155 3937 1270 4017 quaerit
1292 3956 1354 3994 mu·

210 4037 437 4124 lier‘eredimua,
461 4061 499 4100 ou
522 4028 569 4118 qui
591 4054 702 4118 emunt,
737 4048 791 4117 ipsi
817 4046 871 4102 sibi
898 4045 1006 4102 sumnia
1033 4045 1163 4119 stupent?
1193 4043 1249 4101 iam
1274 4043 1354 4101 enirn

210 4147 303 4205 omnis
326 4145 467 4204 dubitatio
492 4155 628 4225 exempta
651 4155 698 4206 est
720 4148 830 4206 latratu
854 4138 945 4207 oanis.
990 4147 1170 4225 Omninoque
1193 4147 1242 4224 qui
1263 4145 1354 4203 linem

213 4251 318 4330 prioris
339 4251 476 4327 carminis
500 4252 740 4329 comparaverit,¹
755 4273 797 4313 vs.
813 4250 854 4312 5ss
870 4273 930 4332 sq„
952 4252 1060 4312 videbit
1083 4251 1250 4309 necessario
1272 4248 1352 4309 liniri

212 4351 341 4418 ulturum
359 4371 474 4412 cermen
497 4375 582 4416 versu
610 4357 710 4414 tow·
746 4359 813 4436 llgo
835 4376 906 4416 vero
931 4368 1052 4435 propter
1074 4356 1191 4414 eusdem
1205 4355 1270 4433 fere
1285 4373 1354 4414 ceu·
