<?xml version="1.0" encoding="UTF-8"?>
<!DOCTYPE html PUBLIC "-//W3C//DTD XHTML 1.0 Transitional//EN"
    "http://www.w3.org/TR/xhtml1/DTD/xhtml1-transitional.dtd">
<html xmlns="http://www.w3.org/1999/xhtml" xml:lang="en" lang="en">
 <head>
  <title>
</title>
<meta http-equiv="Content-Type" content="text/html;charset=utf-8" />
  <meta name='ocr-system' content='tesseract 3.04.00' />
  <meta name='ocr-capabilities' content='ocr_page ocr_carea ocr_par ocr_line ocrx_word'/>
</head>
<body>
  <div class='ocr_page' id='page_1' title='image "./lectionumvergil00anthgoog_0074.png"; bbox 0 0 2842 4817; ppageno 0'>
   <div class='ocr_carea' id='block_1_1' title="bbox 200 183 904 249">
    <p class='ocr_par' dir='ltr' id='par_1_1' title="bbox 200 183 904 249">
     <span class='ocr_line' id='line_1_1' title="bbox 200 183 904 249; baseline -0.006 -15"><span class='ocrx_word' id='word_1_1' title='bbox 200 188 242 248; x_wconf 73' lang='grc'><strong>66</strong></span> <span class='ocrx_word' id='word_1_2' title='bbox 631 185 751 249; x_wconf 81' lang='lat' dir='ltr'><strong>Philippi</strong></span> <span class='ocrx_word' id='word_1_3' title='bbox 769 183 904 248; x_wconf 63' lang='lat' dir='ltr'><strong>Wagnrri</strong></span> 
     </span>
    </p>
   </div>
   <div class='ocr_carea' id='block_1_2' title="bbox 208 333 1421 3240">
    <p class='ocr_par' dir='ltr' id='par_1_2' title="bbox 208 333 1421 933">
     <span class='ocr_line' id='line_1_2' title="bbox 209 333 1349 409; baseline -0.004 -11"><span class='ocrx_word' id='word_1_4' title='bbox 209 339 293 409; x_wconf 80' lang='lat' dir='ltr'><strong>bant3</strong></span> <span class='ocrx_word' id='word_1_5' title='bbox 328 339 381 397; x_wconf 85' lang='lat' dir='ltr'><strong>bas</strong></span> <span class='ocrx_word' id='word_1_6' title='bbox 411 337 601 396; x_wconf 77' lang='lat' dir='ltr'><strong>subsidiariae</strong></span> <span class='ocrx_word' id='word_1_7' title='bbox 623 343 726 396; x_wconf 90' lang='lat' dir='ltr'><strong>ternae</strong></span> <span class='ocrx_word' id='word_1_8' title='bbox 756 344 786 394; x_wconf 92' lang='lat' dir='ltr'><strong>et</strong></span> <span class='ocrx_word' id='word_1_9' title='bbox 808 354 910 394; x_wconf 82' lang='lat' dir='ltr'><strong>rursus</strong></span> <span class='ocrx_word' id='word_1_10' title='bbox 932 335 1010 394; x_wconf 90' lang='lat' dir='ltr'><strong>aliae</strong></span> <span class='ocrx_word' id='word_1_11' title='bbox 1031 333 1152 392; x_wconf 87' lang='lat' dir='ltr'><strong>totidem</strong></span> <span class='ocrx_word' id='word_1_12' title='bbox 1184 352 1271 392; x_wconf 86' lang='lat' dir='ltr'><strong>suae</strong></span> <span class='ocrx_word' id='word_1_13' title='bbox 1296 353 1349 393; x_wconf 87' lang='lat' dir='ltr'><strong>cu·</strong></span> 
     </span>
     <span class='ocr_line' id='line_1_3' title="bbox 211 440 1421 524; baseline -0.006 -21"><span class='ocrx_word' id='word_1_14' title='bbox 211 445 341 524; x_wconf 88' lang='lat' dir='ltr'><strong>iusque</strong></span> <span class='ocrx_word' id='word_1_15' title='bbox 364 443 520 523; x_wconf 75' lang='lat' dir='ltr'><strong>legionis</strong></span> <span class='ocrx_word' id='word_1_16' title='bbox 543 441 823 521; x_wconf 86' lang='lat' dir='ltr'><strong>subsequebantur”.</strong></span> <span class='ocrx_word' id='word_1_17' title='bbox 867 442 969 501; x_wconf 75' lang='lat' dir='ltr'><strong>livius</strong></span> <span class='ocrx_word' id='word_1_18' title='bbox 992 444 1022 511; x_wconf 99' lang='grc'><strong>3,</strong></span> <span class='ocrx_word' id='word_1_19' title='bbox 1044 443 1085 498; x_wconf 93' lang='grc'><strong>22</strong></span> <span class='ocrx_word' id='word_1_20' title='bbox 1106 440 1240 517; x_wconf 77' lang='lat' dir='ltr'><strong>„equites</strong></span> <span class='ocrx_word' id='word_1_21' title='bbox 1260 459 1353 497; x_wconf 86' lang='lat' dir='ltr'><strong>suae</strong></span> <span class='ocrx_word' id='word_1_22' title='bbox 1420 481 1421 488; x_wconf 28' lang='grc' dir='ltr'>ι</span> 
     </span>
     <span class='ocr_line' id='line_1_4' title="bbox 209 544 1421 626; baseline -0.007 -20"><span class='ocrx_word' id='word_1_23' title='bbox 209 547 347 626; x_wconf 83' lang='lat' dir='ltr'><strong>cuique</strong></span> <span class='ocrx_word' id='word_1_24' title='bbox 375 547 471 626; x_wconf 87' lang='lat' dir='ltr'><strong>perti</strong></span> <span class='ocrx_word' id='word_1_25' title='bbox 502 553 571 625; x_wconf 90' lang='lat' dir='ltr'><strong>post</strong></span> <span class='ocrx_word' id='word_1_26' title='bbox 599 546 740 624; x_wconf 87' lang='lat' dir='ltr'><strong>principia</strong></span> <span class='ocrx_word' id='word_1_27' title='bbox 769 544 937 616; x_wconf 87' lang='lat' dir='ltr'><strong>conlocat&#39;’,</strong></span> <span class='ocrx_word' id='word_1_28' title='bbox 958 546 1037 601; x_wconf 71' lang='lat' dir='ltr'><strong>ibren·</strong></span> <span class='ocrx_word' id='word_1_29' title='bbox 1059 545 1215 601; x_wconf 79' lang='lat' dir='ltr'><strong>besoadera</strong></span> <span class='ocrx_word' id='word_1_30' title='bbox 1235 545 1353 600; x_wconf 76' lang='lat' dir='ltr'><strong>colber-</strong></span> <span class='ocrx_word' id='word_1_31' title='bbox 1420 569 1421 616; x_wconf 54' lang='lat' dir='ltr'><strong>p</strong></span> 
     </span>
     <span class='ocr_line' id='line_1_5' title="bbox 208 647 1421 726; baseline -0.005 -16"><span class='ocrx_word' id='word_1_32' title='bbox 208 654 319 726; x_wconf 62' lang='lat' dir='ltr'><strong>abusi,-</strong></span> <span class='ocrx_word' id='word_1_33' title='bbox 347 651 419 710; x_wconf 88' lang='lat' dir='ltr'><strong>idem</strong></span> <span class='ocrx_word' id='word_1_34' title='bbox 444 653 495 722; x_wconf 81' lang='grc'><strong>23,</strong></span> <span class='ocrx_word' id='word_1_35' title='bbox 521 654 558 710; x_wconf 94' lang='grc'><strong>17</strong></span> <span class='ocrx_word' id='word_1_36' title='bbox 583 658 747 722; x_wconf 87' lang='lat' dir='ltr'><strong>,‚armatum</strong></span> <span class='ocrx_word' id='word_1_37' title='bbox 769 651 929 708; x_wconf 83' lang='lat' dir='ltr'><strong>exercitum</strong></span> <span class='ocrx_word' id='word_1_38' title='bbox 951 649 1152 707; x_wconf 75' lang='lat' dir='ltr'><strong>decucurrisse</strong></span> <span class='ocrx_word' id='word_1_39' title='bbox 1173 667 1236 706; x_wconf 91' lang='lat' dir='ltr'><strong>cum</strong></span> <span class='ocrx_word' id='word_1_40' title='bbox 1259 649 1353 726; x_wconf 83' lang='lat' dir='ltr'><strong>tripa-</strong></span> <span class='ocrx_word' id='word_1_41' title='bbox 1420 647 1421 720; x_wconf 71' lang='lat' dir='ltr'><strong>l</strong></span> 
     </span>
     <span class='ocr_line' id='line_1_6' title="bbox 209 733 1421 835; baseline -0.004 -20"><span class='ocrx_word' id='word_1_42' title='bbox 209 757 265 816; x_wconf 89' lang='lat' dir='ltr'><strong>diis</strong></span> <span class='ocrx_word' id='word_1_43' title='bbox 286 756 479 835; x_wconf 78' lang='lat' dir='ltr'><strong>Hispanorum</strong></span> <span class='ocrx_word' id='word_1_44' title='bbox 513 754 696 833; x_wconf 83' lang='lat' dir='ltr'><strong>motibusque</strong></span> <span class='ocrx_word' id='word_1_45' title='bbox 718 773 863 812; x_wconf 85' lang='lat' dir='ltr'><strong>armornm</strong></span> <span class='ocrx_word' id='word_1_46' title='bbox 893 772 979 812; x_wconf 88' lang='lat' dir='ltr'><strong>auae</strong></span> <span class='ocrx_word' id='word_1_47' title='bbox 1007 753 1148 830; x_wconf 71' lang='lat' dir='ltr'><strong>cuique</strong></span> <span class='ocrx_word' id='word_1_48' title='bbox 1175 753 1279 831; x_wconf 76' lang='lat' dir='ltr'><strong>genti</strong></span> <span class='ocrx_word' id='word_1_49' title='bbox 1303 752 1353 810; x_wconf 92' lang='lat' dir='ltr'><strong>ad·</strong></span> <span class='ocrx_word' id='word_1_50' title='bbox 1420 733 1421 758; x_wconf 46' lang='lat'>¹</span> 
     </span>
     <span class='ocr_line' id='line_1_7' title="bbox 209 859 1265 933; baseline -0.006 -14"><span class='ocrx_word' id='word_1_51' title='bbox 209 860 332 932; x_wconf 83' lang='lat' dir='ltr'><strong>anctis”,</strong></span> <span class='ocrx_word' id='word_1_52' title='bbox 354 864 400 919; x_wconf 84' lang='lat' dir='ltr'><strong>dio</strong></span> <span class='ocrx_word' id='word_1_53' title='bbox 415 862 507 932; x_wconf 76' lang='lat' dir='ltr'><strong>jeten</strong></span> <span class='ocrx_word' id='word_1_54' title='bbox 531 861 686 918; x_wconf 76' lang='lat' dir='ltr'><strong>decendero</strong></span> <span class='ocrx_word' id='word_1_55' title='bbox 706 860 785 916; x_wconf 74' lang='lat' dir='ltr'><strong>celte</strong></span> <span class='ocrx_word' id='word_1_56' title='bbox 806 859 1052 933; x_wconf 79' lang='lat' dir='ltr'><strong>eipeatbrirals&#39;cbea</strong></span> <span class='ocrx_word' id='word_1_57' title='bbox 1074 859 1265 931; x_wconf 76' lang='lat' dir='ltr'><strong>decepsspea.</strong></span> 
     </span>
    </p>

    <p class='ocr_par' dir='ltr' id='par_1_3' title="bbox 209 946 1421 3031">
     <span class='ocr_line' id='line_1_8' title="bbox 296 946 1420 1044; baseline -0.004 -21"><span class='ocrx_word' id='word_1_58' title='bbox 296 963 330 1040; x_wconf 88' lang='grc'><strong>3)</strong></span> <span class='ocrx_word' id='word_1_59' title='bbox 354 963 489 1022; x_wconf 84' lang='lat' dir='ltr'><strong>Tertium</strong></span> <span class='ocrx_word' id='word_1_60' title='bbox 513 984 608 1044; x_wconf 75' lang='lat' dir='ltr'><strong>genos</strong></span> <span class='ocrx_word' id='word_1_61' title='bbox 622 971 760 1023; x_wconf 85' lang='lat' dir='ltr'><strong>versatur</strong></span> <span class='ocrx_word' id='word_1_62' title='bbox 780 971 812 1022; x_wconf 90' lang='lat' dir='ltr'><strong>et</strong></span> <span class='ocrx_word' id='word_1_63' title='bbox 833 963 925 1043; x_wconf 77' lang='lat' dir='ltr'><strong>ipsun</strong></span> <span class='ocrx_word' id='word_1_64' title='bbox 948 963 977 1020; x_wconf 93' lang='lat' dir='ltr'><strong>in</strong></span> <span class='ocrx_word' id='word_1_65' title='bbox 999 961 1203 1020; x_wconf 81' lang='lat' dir='ltr'><strong>distributione</strong></span> <span class='ocrx_word' id='word_1_66' title='bbox 1214 961 1353 1040; x_wconf 70' lang='lat' dir='ltr'><strong>particum</strong></span> <span class='ocrx_word' id='word_1_67' title='bbox 1419 946 1420 1035; x_wconf 76' lang='lat' dir='ltr'><strong>l</strong></span> 
     </span>
     <span class='ocr_line' id='line_1_9' title="bbox 210 1068 1356 1148; baseline -0.005 -20"><span class='ocrx_word' id='word_1_68' title='bbox 210 1069 261 1128; x_wconf 86' lang='lat' dir='ltr'><strong>sed</strong></span> <span class='ocrx_word' id='word_1_69' title='bbox 285 1087 348 1127; x_wconf 86' lang='lat' dir='ltr'><strong>curn</strong></span> <span class='ocrx_word' id='word_1_70' title='bbox 372 1068 529 1148; x_wconf 78' lang='lat' dir='ltr'><strong>generibus</strong></span> <span class='ocrx_word' id='word_1_71' title='bbox 551 1071 614 1128; x_wconf 86' lang='lat' dir='ltr'><strong>suis</strong></span> <span class='ocrx_word' id='word_1_72' title='bbox 637 1069 822 1140; x_wconf 86' lang='lat' dir='ltr'><strong>collatarum,</strong></span> <span class='ocrx_word' id='word_1_73' title='bbox 844 1069 888 1127; x_wconf 87' lang='lat' dir='ltr'><strong>ita</strong></span> <span class='ocrx_word' id='word_1_74' title='bbox 909 1068 1033 1147; x_wconf 77' lang='lat' dir='ltr'><strong>quidem,</strong></span> <span class='ocrx_word' id='word_1_75' title='bbox 1055 1074 1089 1124; x_wconf 86' lang='lat' dir='ltr'><strong>ut</strong></span> <span class='ocrx_word' id='word_1_76' title='bbox 1110 1073 1356 1145; x_wconf 84' lang='lat' dir='ltr'><strong>perpetuaquae-</strong></span> 
     </span>
     <span class='ocr_line' id='line_1_10' title="bbox 209 1159 1421 1252; baseline -0.004 -20"><span class='ocrx_word' id='word_1_77' title='bbox 209 1174 272 1232; x_wconf 88' lang='lat' dir='ltr'><strong>dam</strong></span> <span class='ocrx_word' id='word_1_78' title='bbox 296 1174 461 1252; x_wconf 89' lang='lat' dir='ltr'><strong>proprietas</strong></span> <span class='ocrx_word' id='word_1_79' title='bbox 484 1175 608 1252; x_wconf 84' lang='lat' dir='ltr'><strong>portiom</strong></span> <span class='ocrx_word' id='word_1_80' title='bbox 632 1175 808 1233; x_wconf 69' lang='lat' dir='ltr'><strong>declaretur.</strong></span> <span class='ocrx_word' id='word_1_81' title='bbox 853 1174 915 1232; x_wconf 79' lang='lat' dir='ltr'><strong>cie.</strong></span> <span class='ocrx_word' id='word_1_82' title='bbox 937 1173 974 1231; x_wconf 88' lang='lat' dir='ltr'><strong>de</strong></span> <span class='ocrx_word' id='word_1_83' title='bbox 989 1173 1097 1241; x_wconf 69' lang='lat' dir='ltr'><strong>Fini,</strong></span> <span class='ocrx_word' id='word_1_84' title='bbox 1122 1175 1171 1242; x_wconf 88' lang='grc'><strong>17,</strong></span> <span class='ocrx_word' id='word_1_85' title='bbox 1195 1174 1244 1231; x_wconf 78' lang='lat' dir='ltr'><strong>ru</strong></span> <span class='ocrx_word' id='word_1_86' title='bbox 1260 1172 1354 1250; x_wconf 81' lang='lat' dir='ltr'><strong>„quia</strong></span> <span class='ocrx_word' id='word_1_87' title='bbox 1420 1159 1421 1162; x_wconf 25' lang='lat'>¹</span> 
     </span>
     <span class='ocr_line' id='line_1_11' title="bbox 209 1277 1420 1358; baseline -0.001 -20"><span class='ocrx_word' id='word_1_88' title='bbox 209 1278 349 1357; x_wconf 85' lang='lat' dir='ltr'><strong>caiusque</strong></span> <span class='ocrx_word' id='word_1_89' title='bbox 372 1278 464 1356; x_wconf 84' lang='lat' dir='ltr'><strong>partis</strong></span> <span class='ocrx_word' id='word_1_90' title='bbox 486 1288 608 1338; x_wconf 79' lang='lat' dir='ltr'><strong>naturae</strong></span> <span class='ocrx_word' id='word_1_91' title='bbox 631 1287 661 1337; x_wconf 94' lang='lat' dir='ltr'><strong>et</strong></span> <span class='ocrx_word' id='word_1_92' title='bbox 684 1280 713 1336; x_wconf 86' lang='lat' dir='ltr'><strong>in</strong></span> <span class='ocrx_word' id='word_1_93' title='bbox 735 1296 861 1358; x_wconf 87' lang='lat' dir='ltr'><strong>corpore</strong></span> <span class='ocrx_word' id='word_1_94' title='bbox 882 1289 913 1338; x_wconf 88' lang='lat' dir='ltr'><strong>et</strong></span> <span class='ocrx_word' id='word_1_95' title='bbox 935 1279 963 1336; x_wconf 91' lang='lat' dir='ltr'><strong>in</strong></span> <span class='ocrx_word' id='word_1_96' title='bbox 986 1277 1083 1335; x_wconf 81' lang='lat' dir='ltr'><strong>aniano</strong></span> <span class='ocrx_word' id='word_1_97' title='bbox 1105 1296 1168 1334; x_wconf 88' lang='lat' dir='ltr'><strong>sua</strong></span> <span class='ocrx_word' id='word_1_98' title='bbox 1192 1295 1354 1354; x_wconf 83' lang='lat' dir='ltr'><strong>quaeque</strong></span> <span class='ocrx_word' id='word_1_99' title='bbox 1419 1282 1420 1337; x_wconf 85' lang='lat' dir='ltr'><strong>l</strong></span> 
     </span>
     <span class='ocr_line' id='line_1_12' title="bbox 210 1380 1420 1460; baseline -0.004 -17"><span class='ocrx_word' id='word_1_100' title='bbox 210 1382 264 1444; x_wconf 85' lang='lat' dir='ltr'><strong>ris</strong></span> <span class='ocrx_word' id='word_1_101' title='bbox 287 1382 356 1441; x_wconf 86' lang='lat' dir='ltr'><strong>sit&#39;’.</strong></span> <span class='ocrx_word' id='word_1_102' title='bbox 402 1383 491 1441; x_wconf 82' lang='lat' dir='ltr'><strong>Acad.</strong></span> <span class='ocrx_word' id='word_1_103' title='bbox 517 1387 548 1454; x_wconf 91' lang='grc'><strong>2,</strong></span> <span class='ocrx_word' id='word_1_104' title='bbox 575 1385 613 1442; x_wconf 82' lang='grc'><strong>13</strong></span> <span class='ocrx_word' id='word_1_105' title='bbox 637 1385 693 1455; x_wconf 89' lang='lat' dir='ltr'><strong>„in</strong></span> <span class='ocrx_word' id='word_1_106' title='bbox 717 1383 850 1443; x_wconf 85' lang='lat' dir='ltr'><strong>sensibus</strong></span> <span class='ocrx_word' id='word_1_107' title='bbox 880 1383 934 1442; x_wconf 86' lang='lat' dir='ltr'><strong>sui</strong></span> <span class='ocrx_word' id='word_1_108' title='bbox 964 1383 1139 1460; x_wconf 82' lang='lat' dir='ltr'><strong>cuiusque</strong></span> <span class='ocrx_word' id='word_1_109' title='bbox 1168 1380 1354 1460; x_wconf 78' lang='lat' dir='ltr'><strong>generis”.</strong></span> <span class='ocrx_word' id='word_1_110' title='bbox 1419 1390 1420 1425; x_wconf 70' lang='grc' dir='ltr'>ῑ</span> 
     </span>
     <span class='ocr_line' id='line_1_13' title="bbox 210 1486 1420 1568; baseline -0.004 -21"><span class='ocrx_word' id='word_1_111' title='bbox 210 1488 246 1547; x_wconf 89' lang='lat' dir='ltr'><strong>de</strong></span> <span class='ocrx_word' id='word_1_112' title='bbox 269 1487 352 1545; x_wconf 78' lang='lat' dir='ltr'><strong>Orat.</strong></span> <span class='ocrx_word' id='word_1_113' title='bbox 376 1489 406 1557; x_wconf 90' lang='grc'><strong>3,</strong></span> <span class='ocrx_word' id='word_1_114' title='bbox 431 1489 493 1546; x_wconf 88' lang='grc'><strong>216</strong></span> <span class='ocrx_word' id='word_1_115' title='bbox 526 1507 611 1559; x_wconf 85' lang='lat' dir='ltr'><strong>„vox</strong></span> <span class='ocrx_word' id='word_1_116' title='bbox 635 1495 724 1547; x_wconf 90' lang='lat' dir='ltr'><strong>acuta</strong></span> <span class='ocrx_word' id='word_1_117' title='bbox 747 1487 866 1568; x_wconf 76' lang='lat' dir='ltr'><strong>gravis,</strong></span> <span class='ocrx_word' id='word_1_118' title='bbox 896 1486 956 1544; x_wconf 85' lang='lat' dir='ltr'><strong>cita</strong></span> <span class='ocrx_word' id='word_1_119' title='bbox 978 1486 1077 1556; x_wconf 86' lang='lat' dir='ltr'><strong>tarda,</strong></span> <span class='ocrx_word' id='word_1_120' title='bbox 1107 1504 1215 1565; x_wconf 73' lang='lat' dir='ltr'><strong>magne</strong></span> <span class='ocrx_word' id='word_1_121' title='bbox 1243 1504 1354 1564; x_wconf 81' lang='lat' dir='ltr'><strong>parre3</strong></span> <span class='ocrx_word' id='word_1_122' title='bbox 1419 1506 1420 1553; x_wconf 75' lang='lat' dir='ltr'><strong>l</strong></span> 
     </span>
     <span class='ocr_line' id='line_1_14' title="bbox 210 1590 1353 1672; baseline -0.002 -21"><span class='ocrx_word' id='word_1_123' title='bbox 210 1612 282 1672; x_wconf 85' lang='lat' dir='ltr'><strong>quas</strong></span> <span class='ocrx_word' id='word_1_124' title='bbox 305 1599 402 1651; x_wconf 89' lang='lat' dir='ltr'><strong>tamen</strong></span> <span class='ocrx_word' id='word_1_125' title='bbox 426 1591 503 1650; x_wconf 91' lang='lat' dir='ltr'><strong>inter</strong></span> <span class='ocrx_word' id='word_1_126' title='bbox 519 1611 619 1651; x_wconf 75' lang='lat' dir='ltr'><strong>onnes</strong></span> <span class='ocrx_word' id='word_1_127' title='bbox 634 1601 681 1650; x_wconf 90' lang='lat' dir='ltr'><strong>est</strong></span> <span class='ocrx_word' id='word_1_128' title='bbox 703 1612 766 1651; x_wconf 92' lang='lat' dir='ltr'><strong>sno</strong></span> <span class='ocrx_word' id='word_1_129' title='bbox 789 1610 927 1672; x_wconf 84' lang='lat' dir='ltr'><strong>quoqne</strong></span> <span class='ocrx_word' id='word_1_130' title='bbox 950 1591 983 1649; x_wconf 89' lang='lat' dir='ltr'><strong>in</strong></span> <span class='ocrx_word' id='word_1_131' title='bbox 1006 1609 1145 1671; x_wconf 73' lang='lat' dir='ltr'><strong>genere</strong></span> <span class='ocrx_word' id='word_1_132' title='bbox 1167 1590 1353 1648; x_wconf 85' lang='lat' dir='ltr'><strong>mediocris&#39;’.</strong></span> 
     </span>
     <span class='ocr_line' id='line_1_15' title="bbox 211 1695 1355 1775; baseline -0.002 -21"><span class='ocrx_word' id='word_1_133' title='bbox 211 1697 303 1756; x_wconf 72' lang='lat' dir='ltr'><strong>Varro</strong></span> <span class='ocrx_word' id='word_1_134' title='bbox 327 1697 363 1756; x_wconf 92' lang='lat' dir='ltr'><strong>de</strong></span> <span class='ocrx_word' id='word_1_135' title='bbox 384 1697 419 1755; x_wconf 87' lang='lat' dir='ltr'><strong>L.</strong></span> <span class='ocrx_word' id='word_1_136' title='bbox 442 1696 478 1757; x_wconf 89' lang='lat' dir='ltr'><strong>L.</strong></span> <span class='ocrx_word' id='word_1_137' title='bbox 503 1697 533 1767; x_wconf 81' lang='lat'><strong>9,</strong></span> <span class='ocrx_word' id='word_1_138' title='bbox 557 1718 585 1775; x_wconf 87' lang='lat' dir='ltr'><strong>p.</strong></span> <span class='ocrx_word' id='word_1_139' title='bbox 610 1699 672 1756; x_wconf 75' lang='lat'><strong>474</strong></span> <span class='ocrx_word' id='word_1_140' title='bbox 695 1704 756 1768; x_wconf 89' lang='lat' dir='ltr'><strong>„nt</strong></span> <span class='ocrx_word' id='word_1_141' title='bbox 777 1715 816 1756; x_wconf 82' lang='lat' dir='ltr'><strong>en</strong></span> <span class='ocrx_word' id='word_1_142' title='bbox 838 1697 931 1754; x_wconf 88' lang='lat' dir='ltr'><strong>turdis</strong></span> <span class='ocrx_word' id='word_1_143' title='bbox 954 1696 1004 1774; x_wconf 91' lang='lat' dir='ltr'><strong>qui</strong></span> <span class='ocrx_word' id='word_1_144' title='bbox 1025 1702 1232 1775; x_wconf 77' lang='lat' dir='ltr'><strong>procreentur,</strong></span> <span class='ocrx_word' id='word_1_145' title='bbox 1262 1695 1355 1766; x_wconf 87' lang='lat' dir='ltr'><strong>turdi,</strong></span> 
     </span>
     <span class='ocr_line' id='line_1_16' title="bbox 210 1796 1356 1882; baseline -0.002 -22"><span class='ocrx_word' id='word_1_146' title='bbox 210 1802 253 1861; x_wconf 89' lang='lat' dir='ltr'><strong>sic</strong></span> <span class='ocrx_word' id='word_1_147' title='bbox 276 1821 314 1860; x_wconf 86' lang='lat' dir='ltr'><strong>ex</strong></span> <span class='ocrx_word' id='word_1_148' title='bbox 336 1801 454 1860; x_wconf 86' lang='lat' dir='ltr'><strong>relicais</strong></span> <span class='ocrx_word' id='word_1_149' title='bbox 478 1801 538 1860; x_wconf 88' lang='lat' dir='ltr'><strong>sni</strong></span> <span class='ocrx_word' id='word_1_150' title='bbox 561 1801 749 1880; x_wconf 87' lang='lat' dir='ltr'><strong>cuiusque</strong></span> <span class='ocrx_word' id='word_1_151' title='bbox 770 1796 955 1882; x_wconf 77' lang='lat' dir='ltr'><strong>geneiis”.</strong></span> <span class='ocrx_word' id='word_1_152' title='bbox 1013 1801 1126 1859; x_wconf 88' lang='lat' dir='ltr'><strong>Vitrur.</strong></span> <span class='ocrx_word' id='word_1_153' title='bbox 1154 1807 1180 1871; x_wconf 92' lang='grc'><strong>1,</strong></span> <span class='ocrx_word' id='word_1_154' title='bbox 1204 1803 1233 1870; x_wconf 89' lang='grc'><strong>3,</strong></span> <span class='ocrx_word' id='word_1_155' title='bbox 1257 1803 1276 1858; x_wconf 88' lang='grc'><strong>2</strong></span> <span class='ocrx_word' id='word_1_156' title='bbox 1300 1807 1356 1871; x_wconf 88' lang='lat' dir='ltr'><strong>„et</strong></span> 
     </span>
     <span class='ocr_line' id='line_1_17' title="bbox 211 1904 1354 1987; baseline -0.003 -21"><span class='ocrx_word' id='word_1_157' title='bbox 211 1907 247 1966; x_wconf 86' lang='lat' dir='ltr'><strong>ad</strong></span> <span class='ocrx_word' id='word_1_158' title='bbox 267 1906 407 1987; x_wconf 76' lang='lat' dir='ltr'><strong>regiones</strong></span> <span class='ocrx_word' id='word_1_159' title='bbox 438 1905 494 1964; x_wconf 89' lang='lat' dir='ltr'><strong>sni</strong></span> <span class='ocrx_word' id='word_1_160' title='bbox 523 1905 702 1985; x_wconf 86' lang='lat' dir='ltr'><strong>cuiusque</strong></span> <span class='ocrx_word' id='word_1_161' title='bbox 731 1907 890 1986; x_wconf 71' lang='lat' dir='ltr'><strong>generis</strong></span> <span class='ocrx_word' id='word_1_162' title='bbox 914 1913 982 1984; x_wconf 86' lang='lat' dir='ltr'><strong>epta</strong></span> <span class='ocrx_word' id='word_1_163' title='bbox 1005 1911 1036 1964; x_wconf 88' lang='lat' dir='ltr'><strong>et</strong></span> <span class='ocrx_word' id='word_1_164' title='bbox 1057 1905 1209 1963; x_wconf 77' lang='lat' dir='ltr'><strong>commoda</strong></span> <span class='ocrx_word' id='word_1_165' title='bbox 1230 1904 1354 1983; x_wconf 88' lang='lat' dir='ltr'><strong>disposi-</strong></span> 
     </span>
     <span class='ocr_line' id='line_1_18' title="bbox 211 2009 1354 2088; baseline -0.002 -18"><span class='ocrx_word' id='word_1_166' title='bbox 211 2010 284 2070; x_wconf 87' lang='lat' dir='ltr'><strong>tio”.</strong></span> <span class='ocrx_word' id='word_1_167' title='bbox 347 2010 454 2068; x_wconf 82' lang='lat' dir='ltr'><strong>Festus</strong></span> <span class='ocrx_word' id='word_1_168' title='bbox 486 2030 514 2088; x_wconf 91' lang='lat' dir='ltr'><strong>p.</strong></span> <span class='ocrx_word' id='word_1_169' title='bbox 538 2011 616 2078; x_wconf 74' lang='grc'><strong>344,</strong></span> <span class='ocrx_word' id='word_1_170' title='bbox 640 2011 677 2068; x_wconf 96' lang='grc'><strong>21</strong></span> <span class='ocrx_word' id='word_1_171' title='bbox 713 2010 796 2080; x_wconf 84' lang='lat' dir='ltr'><strong>„Sex</strong></span> <span class='ocrx_word' id='word_1_172' title='bbox 827 2010 934 2069; x_wconf 86' lang='lat' dir='ltr'><strong>Vestae</strong></span> <span class='ocrx_word' id='word_1_173' title='bbox 966 2010 1138 2069; x_wconf 87' lang='lat' dir='ltr'><strong>secerdotes</strong></span> <span class='ocrx_word' id='word_1_174' title='bbox 1170 2009 1354 2068; x_wconf 82' lang='lat' dir='ltr'><strong>constitutae</strong></span> 
     </span>
     <span class='ocr_line' id='line_1_19' title="bbox 210 2113 1420 2199; baseline 0 -26"><span class='ocrx_word' id='word_1_175' title='bbox 210 2122 289 2186; x_wconf 89' lang='lat' dir='ltr'><strong>sont,</strong></span> <span class='ocrx_word' id='word_1_176' title='bbox 312 2122 345 2172; x_wconf 97' lang='grc' dir='ltr'><strong>ιιι</strong></span> <span class='ocrx_word' id='word_1_177' title='bbox 367 2113 492 2192; x_wconf 86' lang='lat' dir='ltr'><strong>populns</strong></span> <span class='ocrx_word' id='word_1_178' title='bbox 515 2133 568 2193; x_wconf 93' lang='lat' dir='ltr'><strong>pro</strong></span> <span class='ocrx_word' id='word_1_179' title='bbox 592 2131 654 2172; x_wconf 88' lang='lat' dir='ltr'><strong>sne</strong></span> <span class='ocrx_word' id='word_1_180' title='bbox 677 2132 816 2192; x_wconf 82' lang='lat' dir='ltr'><strong>quaque</strong></span> <span class='ocrx_word' id='word_1_181' title='bbox 839 2123 948 2192; x_wconf 89' lang='lat' dir='ltr'><strong>parte</strong></span> <span class='ocrx_word' id='word_1_182' title='bbox 977 2113 1097 2172; x_wconf 87' lang='lat' dir='ltr'><strong>baberet</strong></span> <span class='ocrx_word' id='word_1_183' title='bbox 1123 2113 1284 2172; x_wconf 84' lang='lat' dir='ltr'><strong>ministram</strong></span> <span class='ocrx_word' id='word_1_184' title='bbox 1307 2134 1354 2173; x_wconf 88' lang='lat' dir='ltr'><strong>sa·</strong></span> <span class='ocrx_word' id='word_1_185' title='bbox 1419 2130 1420 2199; x_wconf 27' lang='grc' dir='ltr'><em>ᾗ</em></span> 
     </span>
     <span class='ocr_line' id='line_1_20' title="bbox 211 2216 1354 2297; baseline -0.004 -17"><span class='ocrx_word' id='word_1_186' title='bbox 211 2219 356 2280; x_wconf 87' lang='lat' dir='ltr'><strong>crorum”.</strong></span> <span class='ocrx_word' id='word_1_187' title='bbox 413 2217 525 2278; x_wconf 82' lang='lat' dir='ltr'><strong>Colum.</strong></span> <span class='ocrx_word' id='word_1_188' title='bbox 550 2219 579 2288; x_wconf 89' lang='grc'><strong>3,</strong></span> <span class='ocrx_word' id='word_1_189' title='bbox 606 2222 618 2275; x_wconf 93' lang='grc'><strong>1</strong></span> <span class='ocrx_word' id='word_1_190' title='bbox 646 2218 827 2288; x_wconf 83' lang='lat' dir='ltr'><strong>„Silvestres</strong></span> <span class='ocrx_word' id='word_1_191' title='bbox 849 2236 884 2276; x_wconf 91' lang='lat' dir='ltr'><strong>ac</strong></span> <span class='ocrx_word' id='word_1_192' title='bbox 906 2216 990 2276; x_wconf 81' lang='lat' dir='ltr'><strong>ferae</strong></span> <span class='ocrx_word' id='word_1_193' title='bbox 1020 2217 1077 2275; x_wconf 92' lang='lat' dir='ltr'><strong>sui</strong></span> <span class='ocrx_word' id='word_1_194' title='bbox 1108 2218 1282 2297; x_wconf 82' lang='lat' dir='ltr'><strong>caiusque</strong></span> <span class='ocrx_word' id='word_1_195' title='bbox 1304 2219 1354 2276; x_wconf 91' lang='lat' dir='ltr'><strong>in·</strong></span> 
     </span>
     <span class='ocr_line' id='line_1_21' title="bbox 212 2321 1420 2407; baseline -0.003 -21"><span class='ocrx_word' id='word_1_196' title='bbox 212 2324 320 2407; x_wconf 76' lang='lat' dir='ltr'><strong>genii</strong></span> <span class='ocrx_word' id='word_1_197' title='bbox 342 2323 453 2383; x_wconf 89' lang='lat' dir='ltr'><strong>semina</strong></span> <span class='ocrx_word' id='word_1_198' title='bbox 482 2321 621 2402; x_wconf 76' lang='lat' dir='ltr'><strong>gerunt&#39;’.</strong></span> <span class='ocrx_word' id='word_1_199' title='bbox 667 2321 761 2382; x_wconf 89' lang='lat' dir='ltr'><strong>Varro</strong></span> <span class='ocrx_word' id='word_1_200' title='bbox 785 2323 820 2381; x_wconf 90' lang='lat' dir='ltr'><strong>de</strong></span> <span class='ocrx_word' id='word_1_201' title='bbox 837 2323 871 2381; x_wconf 89' lang='lat' dir='ltr'><strong>L.</strong></span> <span class='ocrx_word' id='word_1_202' title='bbox 896 2323 931 2381; x_wconf 78' lang='lat' dir='ltr'><strong>h.</strong></span> <span class='ocrx_word' id='word_1_203' title='bbox 955 2345 982 2402; x_wconf 94' lang='lat' dir='ltr'><strong>p.</strong></span> <span class='ocrx_word' id='word_1_204' title='bbox 999 2324 1062 2382; x_wconf 83' lang='grc'><strong>533</strong></span> <span class='ocrx_word' id='word_1_205' title='bbox 1085 2342 1169 2393; x_wconf 89' lang='lat' dir='ltr'><strong>„cam</strong></span> <span class='ocrx_word' id='word_1_206' title='bbox 1193 2323 1354 2403; x_wconf 76' lang='lat' dir='ltr'><strong>analogiae</strong></span> <span class='ocrx_word' id='word_1_207' title='bbox 1419 2356 1420 2373; x_wconf 53' lang='grc' dir='ltr'>ι</span> 
     </span>
     <span class='ocr_line' id='line_1_22' title="bbox 212 2412 1420 2506; baseline -0.003 -17"><span class='ocrx_word' id='word_1_208' title='bbox 212 2430 273 2489; x_wconf 88' lang='lat' dir='ltr'><strong>sai</strong></span> <span class='ocrx_word' id='word_1_209' title='bbox 295 2429 466 2506; x_wconf 86' lang='lat' dir='ltr'><strong>cuiusque</strong></span> <span class='ocrx_word' id='word_1_210' title='bbox 490 2426 665 2506; x_wconf 86' lang='lat' dir='ltr'><strong>temporis</strong></span> <span class='ocrx_word' id='word_1_211' title='bbox 688 2427 777 2486; x_wconf 85' lang='lat' dir='ltr'><strong>rerba</strong></span> <span class='ocrx_word' id='word_1_212' title='bbox 805 2428 930 2486; x_wconf 87' lang='lat' dir='ltr'><strong>debeant</strong></span> <span class='ocrx_word' id='word_1_213' title='bbox 958 2428 1187 2486; x_wconf 87' lang='lat' dir='ltr'><strong>discriminare”.</strong></span> <span class='ocrx_word' id='word_1_214' title='bbox 1239 2427 1355 2486; x_wconf 80' lang='lat' dir='ltr'><strong>Gellius</strong></span> <span class='ocrx_word' id='word_1_215' title='bbox 1419 2412 1420 2435; x_wconf 70' lang='lat'>³</span> 
     </span>
     <span class='ocr_line' id='line_1_23' title="bbox 216 2531 1354 2611; baseline -0.004 -17"><span class='ocrx_word' id='word_1_216' title='bbox 216 2537 266 2604; x_wconf 87' lang='grc'><strong>10,</strong></span> <span class='ocrx_word' id='word_1_217' title='bbox 290 2537 309 2594; x_wconf 84' lang='lat' dir='ltr'><strong>ll</strong></span> <span class='ocrx_word' id='word_1_218' title='bbox 334 2533 504 2604; x_wconf 73' lang='lat' dir='ltr'><strong>„vocabule</strong></span> <span class='ocrx_word' id='word_1_219' title='bbox 526 2539 595 2591; x_wconf 89' lang='lat' dir='ltr'><strong>sont</strong></span> <span class='ocrx_word' id='word_1_220' title='bbox 617 2531 763 2606; x_wconf 82' lang='lat' dir='ltr'><strong>militarie,</strong></span> <span class='ocrx_word' id='word_1_221' title='bbox 786 2532 889 2611; x_wconf 86' lang='lat' dir='ltr'><strong>quibus</strong></span> <span class='ocrx_word' id='word_1_222' title='bbox 903 2533 1049 2592; x_wconf 89' lang='lat' dir='ltr'><strong>instructa</strong></span> <span class='ocrx_word' id='word_1_223' title='bbox 1061 2541 1144 2591; x_wconf 86' lang='lat' dir='ltr'><strong>certo</strong></span> <span class='ocrx_word' id='word_1_224' title='bbox 1163 2532 1250 2591; x_wconf 86' lang='lat' dir='ltr'><strong>modo</strong></span> <span class='ocrx_word' id='word_1_225' title='bbox 1273 2533 1354 2590; x_wconf 86' lang='lat' dir='ltr'><strong>acies</strong></span> 
     </span>
     <span class='ocr_line' id='line_1_24' title="bbox 213 2636 1355 2717; baseline -0.002 -19"><span class='ocrx_word' id='word_1_226' title='bbox 213 2637 354 2717; x_wconf 88' lang='lat' dir='ltr'><strong>appellari</strong></span> <span class='ocrx_word' id='word_1_227' title='bbox 378 2637 472 2708; x_wconf 88' lang='lat' dir='ltr'><strong>salet,</strong></span> <span class='ocrx_word' id='word_1_228' title='bbox 495 2636 598 2708; x_wconf 86' lang='lat' dir='ltr'><strong>frons,</strong></span> <span class='ocrx_word' id='word_1_229' title='bbox 621 2637 766 2708; x_wconf 83' lang='lat' dir='ltr'><strong>subsidia,</strong></span> <span class='ocrx_word' id='word_1_230' title='bbox 789 2656 916 2707; x_wconf 89' lang='lat' dir='ltr'><strong>cuneus,</strong></span> <span class='ocrx_word' id='word_1_231' title='bbox 946 2637 1042 2707; x_wconf 90' lang='lat' dir='ltr'><strong>orbis,</strong></span> <span class='ocrx_word' id='word_1_232' title='bbox 1070 2637 1195 2717; x_wconf 76' lang='lat' dir='ltr'><strong>globus,</strong></span> <span class='ocrx_word' id='word_1_233' title='bbox 1221 2636 1355 2708; x_wconf 85' lang='lat' dir='ltr'><strong>forlices,</strong></span> 
     </span>
     <span class='ocr_line' id='line_1_25' title="bbox 213 2741 1420 2820; baseline -0.002 -17"><span class='ocrx_word' id='word_1_234' title='bbox 213 2762 306 2814; x_wconf 83' lang='lat' dir='ltr'><strong>serra,</strong></span> <span class='ocrx_word' id='word_1_235' title='bbox 328 2742 404 2812; x_wconf 85' lang='lat' dir='ltr'><strong>alae,</strong></span> <span class='ocrx_word' id='word_1_236' title='bbox 428 2749 534 2800; x_wconf 85' lang='lat' dir='ltr'><strong>turres.</strong></span> <span class='ocrx_word' id='word_1_237' title='bbox 587 2743 753 2801; x_wconf 87' lang='lat' dir='ltr'><strong>Translata</strong></span> <span class='ocrx_word' id='word_1_238' title='bbox 783 2749 881 2800; x_wconf 88' lang='lat' dir='ltr'><strong>autem</strong></span> <span class='ocrx_word' id='word_1_239' title='bbox 902 2751 972 2800; x_wconf 88' lang='lat' dir='ltr'><strong>sunt</strong></span> <span class='ocrx_word' id='word_1_240' title='bbox 994 2741 1029 2800; x_wconf 90' lang='lat' dir='ltr'><strong>ab</strong></span> <span class='ocrx_word' id='word_1_241' title='bbox 1051 2742 1123 2820; x_wconf 91' lang='lat' dir='ltr'><strong>ipsis</strong></span> <span class='ocrx_word' id='word_1_242' title='bbox 1144 2742 1246 2812; x_wconf 90' lang='lat' dir='ltr'><strong>rebus,</strong></span> <span class='ocrx_word' id='word_1_243' title='bbox 1278 2761 1355 2820; x_wconf 80' lang='lat' dir='ltr'><strong>qnae</strong></span> <span class='ocrx_word' id='word_1_244' title='bbox 1419 2806 1420 2809; x_wconf 8' lang='grc' dir='ltr'><strong>Ἴ</strong></span> 
     </span>
     <span class='ocr_line' id='line_1_26' title="bbox 214 2847 1420 2927; baseline -0.002 -19"><span class='ocrx_word' id='word_1_245' title='bbox 214 2849 256 2908; x_wconf 85' lang='lat' dir='ltr'><strong>ita</strong></span> <span class='ocrx_word' id='word_1_246' title='bbox 279 2848 394 2926; x_wconf 84' lang='lat' dir='ltr'><strong>proprie</strong></span> <span class='ocrx_word' id='word_1_247' title='bbox 417 2849 619 2920; x_wconf 71' lang='lat' dir='ltr'><strong>nominantur,</strong></span> <span class='ocrx_word' id='word_1_248' title='bbox 652 2867 809 2926; x_wconf 81' lang='lat' dir='ltr'><strong>serumque</strong></span> <span class='ocrx_word' id='word_1_249' title='bbox 838 2866 933 2906; x_wconf 87' lang='lat' dir='ltr'><strong>rerum</strong></span> <span class='ocrx_word' id='word_1_250' title='bbox 965 2848 993 2904; x_wconf 88' lang='lat' dir='ltr'><strong>ia</strong></span> <span class='ocrx_word' id='word_1_251' title='bbox 1016 2847 1080 2906; x_wconf 86' lang='lat' dir='ltr'><strong>ucie</strong></span> <span class='ocrx_word' id='word_1_252' title='bbox 1102 2847 1273 2907; x_wconf 85' lang='lat' dir='ltr'><strong>instruenda</strong></span> <span class='ocrx_word' id='word_1_253' title='bbox 1296 2848 1355 2905; x_wconf 88' lang='lat' dir='ltr'><strong>sui</strong></span> <span class='ocrx_word' id='word_1_254' title='bbox 1419 2854 1420 2927; x_wconf 62' lang='lat'><em>}</em></span> 
     </span>
     <span class='ocr_line' id='line_1_27' title="bbox 213 2939 988 3031; baseline -0.004 -20"><span class='ocrx_word' id='word_1_255' title='bbox 213 2939 386 3030; x_wconf 75' lang='lat' dir='ltr'><strong>cuiusque</strong></span> <span class='ocrx_word' id='word_1_256' title='bbox 407 2951 574 3010; x_wconf 84' lang='lat' dir='ltr'><strong>vocabuli</strong></span> <span class='ocrx_word' id='word_1_257' title='bbox 597 2952 742 3031; x_wconf 79' lang='lat' dir='ltr'><strong>imagines</strong></span> <span class='ocrx_word' id='word_1_258' title='bbox 764 2951 988 3010; x_wconf 88' lang='lat' dir='ltr'><strong>ostenduntur”.</strong></span> 
     </span>
    </p>

    <p class='ocr_par' dir='ltr' id='par_1_4' title="bbox 215 3053 1420 3240">
     <span class='ocr_line' id='line_1_28' title="bbox 299 3053 1354 3136; baseline -0.001 -22"><span class='ocrx_word' id='word_1_259' title='bbox 299 3057 358 3114; x_wconf 89' lang='lat' dir='ltr'><strong>lam</strong></span> <span class='ocrx_word' id='word_1_260' title='bbox 380 3057 465 3114; x_wconf 88' lang='lat' dir='ltr'><strong>atad</strong></span> <span class='ocrx_word' id='word_1_261' title='bbox 484 3055 644 3136; x_wconf 77' lang='lat' dir='ltr'><strong>Vergilium</strong></span> <span class='ocrx_word' id='word_1_262' title='bbox 664 3057 828 3126; x_wconf 87' lang='lat' dir='ltr'><strong>redeamus,</strong></span> <span class='ocrx_word' id='word_1_263' title='bbox 851 3054 898 3113; x_wconf 89' lang='lat' dir='ltr'><strong>ubi</strong></span> <span class='ocrx_word' id='word_1_264' title='bbox 913 3055 1128 3132; x_wconf 87' lang='lat' dir='ltr'><strong>contemplatos</strong></span> <span class='ocrx_word' id='word_1_265' title='bbox 1149 3053 1242 3112; x_wconf 83' lang='lat' dir='ltr'><strong>fueris</strong></span> <span class='ocrx_word' id='word_1_266' title='bbox 1257 3073 1354 3113; x_wconf 81' lang='lat' dir='ltr'><strong>exem·</strong></span> 
     </span>
     <span class='ocr_line' id='line_1_29' title="bbox 215 3157 1420 3240; baseline 0.001 -22"><span class='ocrx_word' id='word_1_267' title='bbox 215 3159 263 3238; x_wconf 90' lang='lat' dir='ltr'><strong>pla</strong></span> <span class='ocrx_word' id='word_1_268' title='bbox 284 3159 381 3217; x_wconf 88' lang='lat' dir='ltr'><strong>omnia</strong></span> <span class='ocrx_word' id='word_1_269' title='bbox 403 3179 492 3238; x_wconf 85' lang='lat' dir='ltr'><strong>snpra</strong></span> <span class='ocrx_word' id='word_1_270' title='bbox 515 3162 684 3240; x_wconf 84' lang='lat' dir='ltr'><strong>proposita,</strong></span> <span class='ocrx_word' id='word_1_271' title='bbox 707 3161 834 3231; x_wconf 84' lang='lat' dir='ltr'><strong>ridebis,</strong></span> <span class='ocrx_word' id='word_1_272' title='bbox 863 3159 1039 3229; x_wconf 84' lang='lat' dir='ltr'><strong>Aatboni,</strong></span> <span class='ocrx_word' id='word_1_273' title='bbox 1064 3159 1214 3218; x_wconf 83' lang='lat' dir='ltr'><strong>diversum</strong></span> <span class='ocrx_word' id='word_1_274' title='bbox 1235 3157 1355 3216; x_wconf 87' lang='lat' dir='ltr'><strong>abillis</strong></span> <span class='ocrx_word' id='word_1_275' title='bbox 1419 3206 1420 3219; x_wconf 46' lang='lat'>2</span> 
     </span>
    </p>
   </div>
   <div class='ocr_carea' id='block_1_3' title="bbox 214 3263 1355 3346">
    <p class='ocr_par' dir='ltr' id='par_1_5' title="bbox 214 3248 1420 3353">
     <span class='ocr_line' id='line_1_30' title="bbox 214 3263 1355 3346; baseline -0.003 -22"><span class='ocrx_word' id='word_1_276' title='bbox 214 3264 345 3324; x_wconf 89' lang='lat' dir='ltr'><strong>omnibus</strong></span> <span class='ocrx_word' id='word_1_277' title='bbox 368 3283 434 3322; x_wconf 87' lang='lat' dir='ltr'><strong>esse</strong></span> <span class='ocrx_word' id='word_1_278' title='bbox 457 3284 571 3324; x_wconf 86' lang='lat' dir='ltr'><strong>versum</strong></span> <span class='ocrx_word' id='word_1_279' title='bbox 596 3265 741 3346; x_wconf 72' lang='lat' dir='ltr'><strong>Vergilii..</strong></span> <span class='ocrx_word' id='word_1_280' title='bbox 778 3266 908 3344; x_wconf 83' lang='lat' dir='ltr'><strong>Apparet</strong></span> <span class='ocrx_word' id='word_1_281' title='bbox 934 3270 1031 3322; x_wconf 91' lang='lat' dir='ltr'><strong>antem</strong></span> <span class='ocrx_word' id='word_1_282' title='bbox 1054 3282 1168 3322; x_wconf 75' lang='lat' dir='ltr'><strong>versun</strong></span> <span class='ocrx_word' id='word_1_283' title='bbox 1190 3263 1267 3320; x_wconf 88' lang='lat' dir='ltr'><strong>bunc</strong></span> <span class='ocrx_word' id='word_1_284' title='bbox 1289 3281 1355 3320; x_wconf 83' lang='lat' dir='ltr'><strong>cnm</strong></span> 
     </span>
    </p>
   </div>
   <div class='ocr_carea' id='block_1_4' title="bbox 214 3356 1420 4386">
    <p class='ocr_par' dir='ltr' id='par_1_6' title="bbox 214 3356 1420 4386">
     <span class='ocr_line' id='line_1_31' title="bbox 214 3356 1420 3448; baseline -0.006 -20"><span class='ocrx_word' id='word_1_285' title='bbox 214 3370 250 3428; x_wconf 86' lang='lat' dir='ltr'><strong>iis</strong></span> <span class='ocrx_word' id='word_1_286' title='bbox 277 3369 418 3448; x_wconf 85' lang='lat' dir='ltr'><strong>exemplis</strong></span> <span class='ocrx_word' id='word_1_287' title='bbox 450 3368 657 3430; x_wconf 85' lang='lat' dir='ltr'><strong>conferendum</strong></span> <span class='ocrx_word' id='word_1_288' title='bbox 691 3389 772 3439; x_wconf 87' lang='lat' dir='ltr'><strong>esse,</strong></span> <span class='ocrx_word' id='word_1_289' title='bbox 804 3389 880 3448; x_wconf 88' lang='lat' dir='ltr'><strong>qaue</strong></span> <span class='ocrx_word' id='word_1_290' title='bbox 909 3369 998 3428; x_wconf 88' lang='lat' dir='ltr'><strong>tertio</strong></span> <span class='ocrx_word' id='word_1_291' title='bbox 1026 3369 1093 3426; x_wconf 88' lang='lat' dir='ltr'><strong>loco</strong></span> <span class='ocrx_word' id='word_1_292' title='bbox 1124 3367 1291 3445; x_wconf 84' lang='lat' dir='ltr'><strong>posuimus3</strong></span> <span class='ocrx_word' id='word_1_293' title='bbox 1323 3376 1358 3426; x_wconf 87' lang='lat' dir='ltr'><strong>ot</strong></span> <span class='ocrx_word' id='word_1_294' title='bbox 1419 3356 1420 3421; x_wconf 68' lang='grc' dir='ltr'>ξ</span> 
     </span>
     <span class='ocr_line' id='line_1_32' title="bbox 216 3471 1420 3554; baseline 0 -23"><span class='ocrx_word' id='word_1_295' title='bbox 216 3473 295 3531; x_wconf 89' lang='lat' dir='ltr'><strong>nulla</strong></span> <span class='ocrx_word' id='word_1_296' title='bbox 318 3479 365 3530; x_wconf 90' lang='lat' dir='ltr'><strong>est</strong></span> <span class='ocrx_word' id='word_1_297' title='bbox 386 3474 413 3530; x_wconf 92' lang='lat' dir='ltr'><strong>io</strong></span> <span class='ocrx_word' id='word_1_298' title='bbox 439 3475 493 3533; x_wconf 85' lang='lat' dir='ltr'><strong>hoc</strong></span> <span class='ocrx_word' id='word_1_299' title='bbox 516 3493 604 3534; x_wconf 84' lang='lat' dir='ltr'><strong>versa</strong></span> <span class='ocrx_word' id='word_1_300' title='bbox 626 3475 746 3554; x_wconf 79' lang='lat' dir='ltr'><strong>generis</strong></span> <span class='ocrx_word' id='word_1_301' title='bbox 768 3471 966 3553; x_wconf 72' lang='lat' dir='ltr'><strong>significatio,</strong></span> <span class='ocrx_word' id='word_1_302' title='bbox 996 3491 1071 3550; x_wconf 86' lang='lat' dir='ltr'><strong>quae</strong></span> <span class='ocrx_word' id='word_1_303' title='bbox 1102 3479 1149 3530; x_wconf 90' lang='lat' dir='ltr'><strong>est</strong></span> <span class='ocrx_word' id='word_1_304' title='bbox 1172 3472 1200 3529; x_wconf 89' lang='lat' dir='ltr'><strong>in</strong></span> <span class='ocrx_word' id='word_1_305' title='bbox 1221 3473 1356 3531; x_wconf 88' lang='lat' dir='ltr'><strong>omnibus</strong></span> <span class='ocrx_word' id='word_1_306' title='bbox 1419 3516 1420 3543; x_wconf 50' lang='lat'>2</span> 
     </span>
     <span class='ocr_line' id='line_1_33' title="bbox 214 3556 1420 3656; baseline -0.001 -21"><span class='ocrx_word' id='word_1_307' title='bbox 214 3576 355 3654; x_wconf 86' lang='lat' dir='ltr'><strong>exemplis</strong></span> <span class='ocrx_word' id='word_1_308' title='bbox 377 3576 414 3634; x_wconf 88' lang='lat' dir='ltr'><strong>ibi</strong></span> <span class='ocrx_word' id='word_1_309' title='bbox 437 3577 578 3656; x_wconf 81' lang='lat' dir='ltr'><strong>prolatis3</strong></span> <span class='ocrx_word' id='word_1_310' title='bbox 601 3579 673 3636; x_wconf 90' lang='lat' dir='ltr'><strong>baec</strong></span> <span class='ocrx_word' id='word_1_311' title='bbox 695 3578 791 3637; x_wconf 89' lang='lat' dir='ltr'><strong>omnia</strong></span> <span class='ocrx_word' id='word_1_312' title='bbox 812 3575 982 3636; x_wconf 83' lang='lat' dir='ltr'><strong>referuntur</strong></span> <span class='ocrx_word' id='word_1_313' title='bbox 1002 3576 1039 3634; x_wconf 89' lang='lat' dir='ltr'><strong>ad</strong></span> <span class='ocrx_word' id='word_1_314' title='bbox 1062 3575 1275 3654; x_wconf 73' lang='lat' dir='ltr'><strong>pluralitatem,</strong></span> <span class='ocrx_word' id='word_1_315' title='bbox 1306 3596 1355 3636; x_wconf 91' lang='lat' dir='ltr'><strong>cn·</strong></span> <span class='ocrx_word' id='word_1_316' title='bbox 1419 3556 1420 3613; x_wconf 56' lang='lat'><em>3</em></span> 
     </span>
     <span class='ocr_line' id='line_1_34' title="bbox 216 3679 1354 3761; baseline -0.001 -20"><span class='ocrx_word' id='word_1_317' title='bbox 216 3681 260 3741; x_wconf 90' lang='lat' dir='ltr'><strong>ius</strong></span> <span class='ocrx_word' id='word_1_318' title='bbox 284 3682 430 3741; x_wconf 88' lang='lat' dir='ltr'><strong>notionem</strong></span> <span class='ocrx_word' id='word_1_319' title='bbox 454 3682 693 3761; x_wconf 82' lang='lat' dir='ltr'><strong>deprehendimus</strong></span> <span class='ocrx_word' id='word_1_320' title='bbox 717 3685 805 3742; x_wconf 86' lang='lat' dir='ltr'><strong>etiam</strong></span> <span class='ocrx_word' id='word_1_321' title='bbox 827 3683 856 3740; x_wconf 91' lang='lat' dir='ltr'><strong>in</strong></span> <span class='ocrx_word' id='word_1_322' title='bbox 878 3701 925 3752; x_wconf 91' lang='lat' dir='ltr'><strong>eo,</strong></span> <span class='ocrx_word' id='word_1_323' title='bbox 948 3682 1024 3760; x_wconf 86' lang='lat' dir='ltr'><strong>qnod</strong></span> <span class='ocrx_word' id='word_1_324' title='bbox 1048 3680 1140 3760; x_wconf 86' lang='lat' dir='ltr'><strong>primo</strong></span> <span class='ocrx_word' id='word_1_325' title='bbox 1162 3680 1230 3738; x_wconf 83' lang='lat' dir='ltr'><strong>loca</strong></span> <span class='ocrx_word' id='word_1_326' title='bbox 1252 3679 1354 3740; x_wconf 85' lang='lat' dir='ltr'><strong>lauda·</strong></span> 
     </span>
     <span class='ocr_line' id='line_1_35' title="bbox 217 3786 1420 3865; baseline -0.002 -19"><span class='ocrx_word' id='word_1_327' title='bbox 217 3787 308 3846; x_wconf 81' lang='lat' dir='ltr'><strong>vimus</strong></span> <span class='ocrx_word' id='word_1_328' title='bbox 331 3786 406 3856; x_wconf 77' lang='lat' dir='ltr'><strong>(eie.</strong></span> <span class='ocrx_word' id='word_1_329' title='bbox 430 3787 466 3846; x_wconf 92' lang='lat' dir='ltr'><strong>de</strong></span> <span class='ocrx_word' id='word_1_330' title='bbox 486 3789 550 3846; x_wconf 83' lang='lat' dir='ltr'><strong>Fin.</strong></span> <span class='ocrx_word' id='word_1_331' title='bbox 575 3791 605 3859; x_wconf 81' lang='lat'><strong>5,</strong></span> <span class='ocrx_word' id='word_1_332' title='bbox 632 3790 681 3858; x_wconf 89' lang='grc'><strong>17,</strong></span> <span class='ocrx_word' id='word_1_333' title='bbox 705 3787 761 3864; x_wconf 76' lang='grc'><strong>43)</strong></span> <span class='ocrx_word' id='word_1_334' title='bbox 785 3789 864 3848; x_wconf 88' lang='lat' dir='ltr'><strong>etin</strong></span> <span class='ocrx_word' id='word_1_335' title='bbox 886 3787 1167 3847; x_wconf 85' lang='lat' dir='ltr'><strong>versuLucretiano</strong></span> <span class='ocrx_word' id='word_1_336' title='bbox 1189 3786 1237 3865; x_wconf 86' lang='grc'><strong>(2,</strong></span> <span class='ocrx_word' id='word_1_337' title='bbox 1259 3786 1353 3865; x_wconf 89' lang='grc'><strong>371),</strong></span> <span class='ocrx_word' id='word_1_338' title='bbox 1419 3808 1420 3833; x_wconf 67' lang='grc' dir='ltr'>ι</span> 
     </span>
     <span class='ocr_line' id='line_1_36' title="bbox 216 3891 1420 3970; baseline -0.001 -19"><span class='ocrx_word' id='word_1_339' title='bbox 216 3895 242 3951; x_wconf 84' lang='grc' dir='ltr'><strong>ιι</strong></span> <span class='ocrx_word' id='word_1_340' title='bbox 264 3910 362 3952; x_wconf 87' lang='lat' dir='ltr'><strong>vorum</strong></span> <span class='ocrx_word' id='word_1_341' title='bbox 386 3892 423 3950; x_wconf 95' lang='lat' dir='ltr'><strong>ibi</strong></span> <span class='ocrx_word' id='word_1_342' title='bbox 446 3892 577 3951; x_wconf 86' lang='lat' dir='ltr'><strong>restituit</strong></span> <span class='ocrx_word' id='word_1_343' title='bbox 596 3893 813 3964; x_wconf 78' lang='lat' dir='ltr'><strong>bacinorum,</strong></span> <span class='ocrx_word' id='word_1_344' title='bbox 846 3893 874 3950; x_wconf 93' lang='lat' dir='ltr'><strong>id</strong></span> <span class='ocrx_word' id='word_1_345' title='bbox 897 3891 975 3970; x_wconf 83' lang='lat' dir='ltr'><strong>quod</strong></span> <span class='ocrx_word' id='word_1_346' title='bbox 994 3891 1023 3950; x_wconf 89' lang='lat' dir='ltr'><strong>in</strong></span> <span class='ocrx_word' id='word_1_347' title='bbox 1046 3891 1113 3950; x_wconf 93' lang='lat' dir='ltr'><strong>loco</strong></span> <span class='ocrx_word' id='word_1_348' title='bbox 1136 3899 1277 3969; x_wconf 88' lang='lat' dir='ltr'><strong>corrupto</strong></span> <span class='ocrx_word' id='word_1_349' title='bbox 1302 3892 1354 3950; x_wconf 89' lang='lat' dir='ltr'><strong>dn·</strong></span> <span class='ocrx_word' id='word_1_350' title='bbox 1419 3912 1420 3963; x_wconf 74' lang='lat'>3</span> 
     </span>
     <span class='ocr_line' id='line_1_37' title="bbox 216 3972 1420 4075; baseline 0.002 -21"><span class='ocrx_word' id='word_1_351' title='bbox 216 3995 292 4054; x_wconf 90' lang='lat' dir='ltr'><strong>bium</strong></span> <span class='ocrx_word' id='word_1_352' title='bbox 315 4001 378 4068; x_wconf 68' lang='lat' dir='ltr'><strong>est,</strong></span> <span class='ocrx_word' id='word_1_353' title='bbox 403 4014 467 4054; x_wconf 89' lang='lat' dir='ltr'><strong>nam</strong></span> <span class='ocrx_word' id='word_1_354' title='bbox 490 3996 577 4054; x_wconf 86' lang='lat' dir='ltr'><strong>verbs</strong></span> <span class='ocrx_word' id='word_1_355' title='bbox 589 4002 759 4069; x_wconf 76' lang='lat' dir='ltr'><strong>frustraturi</strong></span> <span class='ocrx_word' id='word_1_356' title='bbox 773 3999 887 4071; x_wconf 67' lang='lat' dir='ltr'><strong>paudus</strong></span> <span class='ocrx_word' id='word_1_357' title='bbox 903 3996 1023 4074; x_wconf 86' lang='lat' dir='ltr'><strong>pluralis</strong></span> <span class='ocrx_word' id='word_1_358' title='bbox 1043 3996 1154 4054; x_wconf 73' lang='lat' dir='ltr'><strong>numeri</strong></span> <span class='ocrx_word' id='word_1_359' title='bbox 1172 4003 1353 4075; x_wconf 79' lang='lat' dir='ltr'><strong>patestatem</strong></span> <span class='ocrx_word' id='word_1_360' title='bbox 1419 3972 1420 4021; x_wconf 53' lang='lat' dir='ltr'><strong>l</strong></span> 
     </span>
     <span class='ocr_line' id='line_1_38' title="bbox 216 4079 1420 4180; baseline 0.002 -22"><span class='ocrx_word' id='word_1_361' title='bbox 216 4079 337 4171; x_wconf 82' lang='lat' dir='ltr'><strong>babent3</strong></span> <span class='ocrx_word' id='word_1_362' title='bbox 361 4105 393 4157; x_wconf 89' lang='lat' dir='ltr'><strong>et</strong></span> <span class='ocrx_word' id='word_1_363' title='bbox 414 4099 502 4156; x_wconf 82' lang='lat' dir='ltr'><strong>orbor</strong></span> <span class='ocrx_word' id='word_1_364' title='bbox 525 4119 561 4159; x_wconf 87' lang='lat' dir='ltr'><strong>ne</strong></span> <span class='ocrx_word' id='word_1_365' title='bbox 583 4101 610 4158; x_wconf 92' lang='lat' dir='ltr'><strong>in</strong></span> <span class='ocrx_word' id='word_1_366' title='bbox 633 4100 798 4162; x_wconf 73' lang='lat' dir='ltr'><strong>collecticio</strong></span> <span class='ocrx_word' id='word_1_367' title='bbox 818 4101 931 4179; x_wconf 83' lang='lat' dir='ltr'><strong>quidem</strong></span> <span class='ocrx_word' id='word_1_368' title='bbox 954 4108 1131 4159; x_wconf 87' lang='lat' dir='ltr'><strong>numeratur.</strong></span> <span class='ocrx_word' id='word_1_369' title='bbox 1175 4101 1268 4161; x_wconf 82' lang='lat' dir='ltr'><strong>llectc</strong></span> <span class='ocrx_word' id='word_1_370' title='bbox 1292 4101 1354 4180; x_wconf 79' lang='lat' dir='ltr'><strong>qui·</strong></span> <span class='ocrx_word' id='word_1_371' title='bbox 1419 4086 1420 4127; x_wconf 64' lang='lat'><em>3</em></span> 
     </span>
     <span class='ocr_line' id='line_1_39' title="bbox 218 4203 1354 4282; baseline 0.002 -20"><span class='ocrx_word' id='word_1_372' title='bbox 218 4204 283 4262; x_wconf 88' lang='lat' dir='ltr'><strong>dem</strong></span> <span class='ocrx_word' id='word_1_373' title='bbox 306 4203 416 4262; x_wconf 83' lang='lat' dir='ltr'><strong>dixeris</strong></span> <span class='ocrx_word' id='word_1_374' title='bbox 439 4203 610 4272; x_wconf 81' lang='lat' dir='ltr'><strong>„arboribus</strong></span> <span class='ocrx_word' id='word_1_375' title='bbox 632 4204 796 4265; x_wconf 85' lang='lat' dir='ltr'><strong>fructiferis</strong></span> <span class='ocrx_word' id='word_1_376' title='bbox 819 4223 872 4263; x_wconf 90' lang='lat' dir='ltr'><strong>sua</strong></span> <span class='ocrx_word' id='word_1_377' title='bbox 900 4222 1032 4282; x_wconf 86' lang='lat' dir='ltr'><strong>quaeque</strong></span> <span class='ocrx_word' id='word_1_378' title='bbox 1059 4213 1129 4263; x_wconf 85' lang='lat' dir='ltr'><strong>sunt</strong></span> <span class='ocrx_word' id='word_1_379' title='bbox 1150 4204 1271 4282; x_wconf 75' lang='lat' dir='ltr'><strong>pena”;</strong></span> <span class='ocrx_word' id='word_1_380' title='bbox 1300 4205 1354 4264; x_wconf 84' lang='lat' dir='ltr'><strong>sed</strong></span> 
     </span>
     <span class='ocr_line' id='line_1_40' title="bbox 220 4289 1420 4386; baseline 0.005 -22"><span class='ocrx_word' id='word_1_381' title='bbox 220 4305 289 4384; x_wconf 87' lang='lat' dir='ltr'><strong>quid</strong></span> <span class='ocrx_word' id='word_1_382' title='bbox 312 4315 358 4364; x_wconf 86' lang='lat' dir='ltr'><strong>est</strong></span> <span class='ocrx_word' id='word_1_383' title='bbox 380 4325 431 4364; x_wconf 85' lang='lat' dir='ltr'><strong>suo</strong></span> <span class='ocrx_word' id='word_1_384' title='bbox 453 4289 603 4386; x_wconf 75' lang='lat' dir='ltr'><strong>praepos</strong></span> <span class='ocrx_word' id='word_1_385' title='bbox 628 4328 712 4383; x_wconf 85' lang='lat' dir='ltr'><strong>pomo</strong></span> <span class='ocrx_word' id='word_1_386' title='bbox 739 4310 788 4366; x_wconf 85' lang='lat' dir='ltr'><strong>sub</strong></span> <span class='ocrx_word' id='word_1_387' title='bbox 817 4309 945 4368; x_wconf 81' lang='lat' dir='ltr'><strong>arbore?</strong></span> <span class='ocrx_word' id='word_1_388' title='bbox 978 4305 1012 4367; x_wconf 80' lang='grc' dir='ltr'>ιὰ</span> <span class='ocrx_word' id='word_1_389' title='bbox 1037 4304 1084 4369; x_wconf 77' lang='lat' dir='ltr'><strong>dst</strong></span> <span class='ocrx_word' id='word_1_390' title='bbox 1103 4305 1168 4368; x_wconf 71' lang='lat' dir='ltr'><strong>tum</strong></span> <span class='ocrx_word' id='word_1_391' title='bbox 1198 4310 1280 4386; x_wconf 59' lang='lat' dir='ltr'><strong>pila</strong></span> <span class='ocrx_word' id='word_1_392' title='bbox 1302 4307 1362 4370; x_wconf 73' lang='lat' dir='ltr'><strong>bac</strong></span> <span class='ocrx_word' id='word_1_393' title='bbox 1419 4378 1420 4385; x_wconf 15' lang='lat'>¹</span> 
     </span>
    </p>
   </div>
   <div class='ocr_carea' id='block_1_5' title="bbox 0 0 1436 4817">
    <p class='ocr_par' dir='ltr' id='par_1_7' title="bbox 0 0 1436 4817">
     <span class='ocr_line' id='line_1_41' title="bbox 0 0 1436 4817; baseline 0 0"><span class='ocrx_word' id='word_1_394' title='bbox 0 0 1436 4817; x_wconf 95' lang='lat' dir='ltr'><strong> </strong></span> 
     </span>
    </p>
   </div>
  </div>
 </body>
</html>
