2842 4817
226 190 292 252 112
633 192 911 260 Philippiwapaert

222 365 309 422 μεως
329 353 361 405 et
383 347 499 408 videtur
518 347 575 406 boe
598 349 771 409 vecebnluu
792 349 822 408 in
844 371 878 410 re
900 351 1080 432 gladiatoria
1102 352 1200 411 locun
1214 353 1361 425 bebnisse3

184 455 188 464 '
223 451 420 532 digladiantes
442 453 520 512 enin
539 454 618 515 ulter
646 454 734 514 elteri
766 455 935 516 vicissim
963 458 1112 517 intentant
1136 449 1223 518 imm.
1265 459 1363 538 ltaque

222 575 275 637 per
294 561 369 618 siem
390 557 524 619 elternne
546 559 724 640 petitiones,
746 561 853 621 alterni
875 562 1007 630 uultus
1028 561 1193 644 signifieeri
1212 570 1363 643 poterant3

223 661 261 720 G.
284 664 314 734 3,
338 665 420 723 2202

438 767 484 827 llli
506 768 754 830 ulter-nentes
778 771 871 831 arm
891 774 920 833 vi
942 772 1055 852 proelia
1070 773 1211 846 miscent3

222 891 276 932 nos
299 872 471 933 dixerimus:
495 893 527 934 cr
549 875 621 932 lobs
641 877 744 934 lecim
763 895 840 952 pesp
861 880 914 934 mit
928 879 982 935 des
1004 879 1142 936 mecm
1162 879 1329 935 metes.

265 977 337 1037 Aen.
355 981 384 1056 ²,
401 981 474 1039 ubl.
519 978 599 1038 lleec
621 978 688 1038 linis
710 979 821 1040 Prieni
843 981 989 1054 fatorum,
1013 983 1059 1042 bic
1080 983 1179 1042 exitus
1201 981 1280 1040 illum

522 1085 612 1144 Sorte
630 1085 709 1157 tulit,
732 1086 857 1146 Troiam
872 1089 1017 1148 incensum
1033 1096 1065 1147 et
1076 1086 1365 1167 prolepssvidentem

523 1189 671 1270 Pergamo
692 1201 745 1249 etc.

221 1287 271 1347 Sic
298 1286 365 1348 olim
395 1289 660 1374 interpungebent3
695 1295 905 1377 hadewigins,
940 1296 1208 1357 lleeckermannum
1237 1304 1365 1364 secutus,

220 1393 346 1474 itemque
369 1396 512 1476 lluuptins
536 1399 592 1457 boc
614 1400 719 1459 modo:

457 1501 537 1562 llnec
558 1502 625 1562 linis
649 1504 775 1576 l’riemi,
804 1503 934 1563 futorum
957 1504 1004 1562 bic
1025 1504 1124 1563 enites
1145 1504 1228 1562 illnnr
1248 1515 1300 1564 etr.
1379 1578 1383 1587 ι

219 1604 250 1663 ln
274 1605 415 1665 eiusmodi
439 1625 529 1668 censu
551 1609 632 1688 ipsos
663 1618 779 1670 veteres
812 1611 974 1690 scriptores
994 1610 1019 1668 si
1041 1610 1227 1670 adversarios
1249 1608 1366 1688 babens,
1402 1614 1403 1621 ’

219 1713 470 1790 megnneentione
481 1723 570 1794 etque
583 1716 772 1774 cunctatione
785 1715 939 1787 utendum3
958 1715 1007 1794 qui
1021 1715 1095 1773 enirn
1106 1715 1150 1772 bis
1163 1713 1266 1773 melius
1278 1733 1367 1772 nosse

219 1823 361 1893 possunt,
386 1819 453 1897 quid
475 1827 588 1879 rectum
610 1821 670 1879 siti
714 1821 829 1880 Gellius
854 1823 905 1892 13,
928 1823 969 1880 20
997 1819 1152 1900 coniungit
1172 1821 1261 1890 boec,
1291 1837 1366 1898 quoe

219 1938 237 1978 a
259 1921 456 2000 superioribus
480 1925 639 1985 editoribus
662 1926 874 2007 iungebantur:
919 1928 998 1983 llaec
1018 1928 1084 2008 fisis
1106 1927 1213 1982 umas·
1231 1927 1365 1998 [moram.

218 2023 314 2104 Atque
347 2026 410 2106 ipsa
436 2030 608 2108 empbnsie,¹
631 2049 705 2110 pune
736 2040 785 2090 est
812 2031 840 2090 in
870 2030 1087 2110 pronominibus
1116 2031 1194 2088 llaec
1215 2070 1223 2087 .
1248 2071 1255 2087 .
1279 2071 1288 2088 .
1309 2030 1372 2097 bic,

218 2131 334 2210 utrique
362 2132 519 2213 principem
549 2135 576 2192 in
607 2155 661 2194 suo
693 2137 846 2195 enuntieto
875 2135 969 2195 locum
997 2135 1133 2194 attribuit
1158 2153 1211 2194 uec
1233 2134 1366 2194 dubitnre

218 2253 271 2294 nos
294 2236 384 2309 sinit,
408 2239 476 2318 quin
499 2239 542 2298 itu
564 2239 734 2299 distinxerit
756 2241 818 2320 ipse
842 2237 1006 2321 Vergilius,
1028 2246 1154 2298 utente
1175 2239 1367 2298 mutationem

217 2339 252 2399 eb
280 2340 521 2403 lleeckenmenno
556 2342 666 2404 fectom
699 2345 943 2427 distinguebatur.
994 2343 1185 2424 [ludewigius
1212 2344 1255 2404 nit
1288 2349 1367 2421 soto-

218 2461 281 2502 rum
303 2443 331 2503 in
355 2447 496 2526 principio
519 2449 663 2507 enuntinti
690 2450 818 2528 positum
839 2449 928 2520 esse,
959 2450 1038 2528 quod
1069 2451 1097 2507 in
1120 2469 1156 2509 eo
1180 2449 1366 2528 praeeipuam

151 2605 155 2614 .
217 2549 271 2610 vim
296 2551 393 2612 inesse
414 2562 504 2633 poete
526 2555 671 2626 vuluerit,
702 2557 786 2635 quesi
809 2575 880 2616 vero
903 2556 1018 2614 deneas
1039 2575 1097 2614 non
1121 2573 1242 2614 uerrere
1255 2563 1296 2639 ‚et
1319 2556 1366 2614 de·

158 2668 163 2681 ‘
217 2655 333 2734 plorare
356 2655 444 2730 velit',
474 2665 507 2718 nt
529 2658 643 2730 debuit,
678 2657 743 2719 fote
766 2659 892 2729 Priami,
926 2660 979 2718 sed
1001 2660 1108 2718 docere
1129 2659 1282 2719 nndientes
1306 2681 1366 2719 non

216 2769 320 2820 contro
349 2762 430 2834 latu,
464 2765 515 2823 sed
547 2765 703 2823 secundnm
736 2762 800 2823 fetu
821 2765 966 2824 Prinmun
989 2783 1054 2824 enm
1076 2765 1185 2824 exitum
1216 2765 1366 2826 babuisse.
1403 2814 1404 2831 ,

215 2865 316 2946 Neque
340 2886 411 2928 vero
434 2869 492 2928 'Pe
514 2869 585 2928 illud
609 2869 786 2940 morabitur,
809 2868 990 2941 Anthoni,
1014 2871 1091 2949 qnod
1111 2876 1174 2944 scta
1195 2880 1227 2930 et
1248 2889 1313 2929 sors
1337 2873 1366 2929 b.

213 2971 233 3031 l.
256 2972 330 3030 idem
353 2972 536 3054 significent,
568 2995 619 3034 nec
655 2983 812 3054 propterea
842 2974 960 3053 ineptae
992 2975 1179 3057 tautologiae
1210 2977 1367 3036 eecuscbis

215 3084 340 3155 poeiem.
386 3079 488 3138 Totus
511 3098 574 3138 cum
597 3079 637 3138 sit
659 3081 771 3138 unimus
793 3080 910 3138 Aeneee
939 3080 968 3138 in
991 3079 1147 3140 miserabili
1168 3087 1264 3140 morte
1286 3080 1365 3140 tenti

214 3183 295 3263 regis
319 3183 445 3264 olimque
467 3193 525 3244 tam
546 3183 643 3244 felicis
666 3185 796 3257 defixus,
825 3185 1017 3245 conveniebat
1036 3183 1121 3245 finite
1142 3204 1241 3246 esrum
1261 3206 1364 3246 rerum

214 3289 400 3367 expositione
428 3290 549 3369 primum
580 3291 802 3369 simplicissimis
833 3290 928 3352 verbis
958 3299 1092 3370 repetere
1120 3309 1257 3350 sunonem
1281 3311 1365 3352 rem:

81 3408 85 3416 ·
215 3391 313 3452 lleee
335 3393 430 3454 finis
461 3395 603 3455 Priami
634 3394 819 3469 fetornm3
854 3415 930 3476 quee
959 3414 1024 3455 cunr
1051 3398 1141 3456 tecite
1163 3397 1365 3478 ingemiscens

213 3500 451 3577 pronuntinsset,
474 3503 593 3573 eedem,
623 3501 718 3560 dolori
741 3520 795 3561 suo
819 3502 938 3560 liberum
962 3521 1077 3561 cursum
1101 3502 1287 3582 pei-miliens,
1311 3523 1364 3562 ex·

213 3602 348 3681 plicetius
371 3605 453 3677 dicit,
476 3605 626 3665 fortunam
647 3607 799 3686 pristinem
821 3605 983 3666 felicissimi
1011 3608 1094 3687 regis
1121 3626 1184 3666 enm
1208 3610 1365 3687 praesenti

212 3709 328 3768 miserie
350 3729 532 3790 comparens.
578 3713 616 3770 Et
639 3730 754 3784 omncs,
784 3713 833 3791 qni
855 3713 900 3771 bis
922 3712 1028 3771 similis
1050 3722 1187 3783 nument,
1210 3713 1288 3772 omni
1313 3733 1365 3772 co·

210 3815 357 3896 gitutione
375 3816 412 3898 in
444 3824 527 3876 tanto
560 3818 651 3877 exitio
680 3827 894 3878 commorantes
921 3817 1056 3877 similiter
1079 3819 1266 3897 loquuntur·
1295 3820 1365 3878 llrit

211 3917 342 3980 fortasse
366 3921 495 4002 (etipse
519 3923 674 4002 aliquando
697 3924 727 3981 in
748 3943 812 3983 eum
834 3923 1000 4002 opinionem
1024 3920 1193 4000 inciderem)
1219 3923 1269 4002 qui
1293 3943 1365 4002 pnr-

210 4024 337 4104 ticipium
363 4031 498 4086 sidentem
524 4048 577 4106 pro
606 4030 765 4110 epexegesi
797 4029 920 4109 quedem
952 4027 1104 4106 verborum
1134 4026 1225 4099 „bic
1255 4029 1363 4087 exitus

193 4130 288 4209 3illum
324 4140 405 4192 sorte
436 4131 528 4191 tulit”
557 4134 700 4212 accipiet,
732 4143 766 4193 nt
792 4134 820 4193 id
850 4132 1055 4214 significetur,
1086 4134 1163 4213 qnod
1193 4133 1236 4191 in*
1253 4133 1363 4194 solute

144 4217 147 4224 ι
211 4236 346 4296 emtione
368 4236 494 4296 dixeris:
517 4239 612 4298 buce
635 4239 745 4297 exitum
769 4240 884 4312 babuit,
907 4248 949 4298 ut
971 4239 1081 4301 videret
1104 4239 1251 4298 incensum
1275 4240 1363 4300 Tro·

209 4344 280 4417 iem,
307 4345 446 4424 prolapsu
468 4343 624 4422 Pergamo.
673 4345 759 4406 Libet
789 4347 863 4404 lrnnc
890 4365 950 4403 rem
971 4344 1112 4424 exemplis
1133 4365 1150 4404 e
1172 4346 1363 4405 Graecorum
