<?xml version="1.0" encoding="UTF-8"?>
<!DOCTYPE html PUBLIC "-//W3C//DTD XHTML 1.0 Transitional//EN"
    "http://www.w3.org/TR/xhtml1/DTD/xhtml1-transitional.dtd">
<html xmlns="http://www.w3.org/1999/xhtml" xml:lang="en" lang="en">
 <head>
  <title>
</title>
<meta http-equiv="Content-Type" content="text/html;charset=utf-8" />
  <meta name='ocr-system' content='tesseract 3.04.00' />
  <meta name='ocr-capabilities' content='ocr_page ocr_carea ocr_par ocr_line ocrx_word'/>
</head>
<body>
  <div class='ocr_page' id='page_1' title='image "./lectionumvergil00anthgoog_0086.png"; bbox 0 0 2842 4817; ppageno 0'>
   <div class='ocr_carea' id='block_1_1' title="bbox 224 167 997 264">
    <p class='ocr_par' dir='ltr' id='par_1_1' title="bbox 224 167 997 264">
     <span class='ocr_line' id='line_1_1' title="bbox 224 167 997 264; baseline 0.009 -21"><span class='ocrx_word' id='word_1_1' title='bbox 224 197 265 259; x_wconf 80' lang='lat'>78</span> <span class='ocrx_word' id='word_1_2' title='bbox 625 197 745 263; x_wconf 66' lang='lat' dir='ltr'>unsina</span> <span class='ocrx_word' id='word_1_3' title='bbox 763 198 898 264; x_wconf 60' lang='lat' dir='ltr'>vagant</span> <span class='ocrx_word' id='word_1_4' title='bbox 991 167 997 179; x_wconf 80' lang='grc'>’</span> 
     </span>
    </p>
   </div>
   <div class='ocr_carea' id='block_1_2' title="bbox 221 353 1355 539">
    <p class='ocr_par' dir='ltr' id='par_1_2' title="bbox 221 353 1355 539">
     <span class='ocr_line' id='line_1_2' title="bbox 222 353 1355 434; baseline -0.005 -22"><span class='ocrx_word' id='word_1_5' title='bbox 222 355 398 414; x_wconf 86' lang='lat' dir='ltr'>nominativo</span> <span class='ocrx_word' id='word_1_6' title='bbox 428 354 606 414; x_wconf 80' lang='lat' dir='ltr'>Graecorum</span> <span class='ocrx_word' id='word_1_7' title='bbox 641 355 786 413; x_wconf 89' lang='lat' dir='ltr'>nominum</span> <span class='ocrx_word' id='word_1_8' title='bbox 820 354 950 414; x_wconf 83' lang='lat' dir='ltr'>feminini</span> <span class='ocrx_word' id='word_1_9' title='bbox 980 353 1098 434; x_wconf 84' lang='lat' dir='ltr'>goneris</span> <span class='ocrx_word' id='word_1_10' title='bbox 1128 355 1156 412; x_wconf 91' lang='lat' dir='ltr'>in</span> <span class='ocrx_word' id='word_1_11' title='bbox 1186 353 1306 428; x_wconf 72' lang='lat' dir='ltr'>longam</span> <span class='ocrx_word' id='word_1_12' title='bbox 1337 368 1355 406; x_wconf 87' lang='lat' dir='ltr'>u</span> 
     </span>
     <span class='ocr_line' id='line_1_3' title="bbox 221 457 1355 539; baseline -0.006 -21"><span class='ocrx_word' id='word_1_13' title='bbox 221 459 387 518; x_wconf 78' lang='lat' dir='ltr'>exeuntium</span> <span class='ocrx_word' id='word_1_14' title='bbox 405 458 590 518; x_wconf 76' lang='lat' dir='ltr'>abstinuisse.</span> <span class='ocrx_word' id='word_1_15' title='bbox 634 460 711 518; x_wconf 86' lang='lat' dir='ltr'>ldem</span> <span class='ocrx_word' id='word_1_16' title='bbox 724 479 877 538; x_wconf 87' lang='lat' dir='ltr'>numquam</span> <span class='ocrx_word' id='word_1_17' title='bbox 894 460 923 519; x_wconf 89' lang='lat' dir='ltr'>iu</span> <span class='ocrx_word' id='word_1_18' title='bbox 945 458 1085 539; x_wconf 88' lang='lat' dir='ltr'>genetivo</span> <span class='ocrx_word' id='word_1_19' title='bbox 1108 457 1355 517; x_wconf 73' lang='lat' dir='ltr'>substantivorum</span> 
     </span>
    </p>
   </div>
   <div class='ocr_carea' id='block_1_3' title="bbox 221 560 1409 955">
    <p class='ocr_par' dir='ltr' id='par_1_3' title="bbox 221 560 1409 955">
     <span class='ocr_line' id='line_1_4' title="bbox 221 560 1408 642; baseline -0.004 -20"><span class='ocrx_word' id='word_1_20' title='bbox 221 562 366 622; x_wconf 87' lang='lat' dir='ltr'>secundae</span> <span class='ocrx_word' id='word_1_21' title='bbox 396 562 601 622; x_wconf 85' lang='lat' dir='ltr'>declinationis</span> <span class='ocrx_word' id='word_1_22' title='bbox 627 563 789 642; x_wconf 70' lang='lat' dir='ltr'>geminavit</span> <span class='ocrx_word' id='word_1_23' title='bbox 819 563 979 634; x_wconf 80' lang='lat' dir='ltr'>literani,</span> <span class='ocrx_word' id='word_1_24' title='bbox 1011 570 1045 622; x_wconf 89' lang='lat' dir='ltr'>ut</span> <span class='ocrx_word' id='word_1_25' title='bbox 1074 563 1130 622; x_wconf 92' lang='lat' dir='ltr'>boc</span> <span class='ocrx_word' id='word_1_26' title='bbox 1156 561 1222 621; x_wconf 90' lang='lat' dir='ltr'>loco</span> <span class='ocrx_word' id='word_1_27' title='bbox 1245 560 1357 620; x_wconf 81' lang='lat' dir='ltr'>iactum</span> <span class='ocrx_word' id='word_1_28' title='bbox 1407 604 1408 625; x_wconf 46' lang='lat'>2</span> 
     </span>
     <span class='ocr_line' id='line_1_5' title="bbox 221 663 1358 745; baseline -0.005 -19"><span class='ocrx_word' id='word_1_29' title='bbox 221 669 250 726; x_wconf 90' lang='lat' dir='ltr'>in</span> <span class='ocrx_word' id='word_1_30' title='bbox 268 668 362 739; x_wconf 47' lang='lat' dir='ltr'>pluuia</span> <span class='ocrx_word' id='word_1_31' title='bbox 386 663 425 724; x_wconf 84' lang='lat' dir='ltr'>cf.</span> <span class='ocrx_word' id='word_1_32' title='bbox 449 664 527 724; x_wconf 88' lang='lat' dir='ltr'>iufra</span> <span class='ocrx_word' id='word_1_33' title='bbox 550 666 581 736; x_wconf 83' lang='grc'>9,</span> <span class='ocrx_word' id='word_1_34' title='bbox 607 667 678 726; x_wconf 81' lang='grc'><strong>150.</strong></span> <span class='ocrx_word' id='word_1_35' title='bbox 736 667 833 745; x_wconf 79' lang='lat' dir='ltr'>Atque</span> <span class='ocrx_word' id='word_1_36' title='bbox 855 667 926 724; x_wconf 89' lang='lat' dir='ltr'>illud</span> <span class='ocrx_word' id='word_1_37' title='bbox 947 675 1029 725; x_wconf 88' lang='lat' dir='ltr'>certe</span> <span class='ocrx_word' id='word_1_38' title='bbox 1050 665 1200 724; x_wconf 72' lang='lat' dir='ltr'>fatendum</span> <span class='ocrx_word' id='word_1_39' title='bbox 1222 672 1286 734; x_wconf 90' lang='lat' dir='ltr'>est,</span> <span class='ocrx_word' id='word_1_40' title='bbox 1310 663 1358 720; x_wconf 91' lang='lat' dir='ltr'>ubi</span> 
     </span>
     <span class='ocr_line' id='line_1_6' title="bbox 222 769 1358 850; baseline -0.006 -19"><span class='ocrx_word' id='word_1_41' title='bbox 222 772 344 850; x_wconf 80' lang='lat' dir='ltr'>duplex,</span> <span class='ocrx_word' id='word_1_42' title='bbox 374 787 467 848; x_wconf 85' lang='lat' dir='ltr'>eaque</span> <span class='ocrx_word' id='word_1_43' title='bbox 487 777 611 848; x_wconf 84' lang='lat' dir='ltr'>utraque</span> <span class='ocrx_word' id='word_1_44' title='bbox 633 770 749 850; x_wconf 90' lang='lat' dir='ltr'>gravis,</span> <span class='ocrx_word' id='word_1_45' title='bbox 772 770 915 830; x_wconf 77' lang='lat' dir='ltr'>dubitatio</span> <span class='ocrx_word' id='word_1_46' title='bbox 938 771 966 829; x_wconf 89' lang='lat' dir='ltr'>in</span> <span class='ocrx_word' id='word_1_47' title='bbox 989 770 1108 830; x_wconf 89' lang='lat' dir='ltr'>eundem</span> <span class='ocrx_word' id='word_1_48' title='bbox 1127 788 1242 830; x_wconf 86' lang='lat' dir='ltr'>versum</span> <span class='ocrx_word' id='word_1_49' title='bbox 1260 769 1358 835; x_wconf 84' lang='lat' dir='ltr'>cadat,</span> 
     </span>
     <span class='ocr_line' id='line_1_7' title="bbox 222 872 1409 955; baseline -0.004 -21"><span class='ocrx_word' id='word_1_50' title='bbox 222 894 357 955; x_wconf 83' lang='lat' dir='ltr'>maguam</span> <span class='ocrx_word' id='word_1_51' title='bbox 373 873 537 952; x_wconf 81' lang='lat' dir='ltr'>iustamque</span> <span class='ocrx_word' id='word_1_52' title='bbox 549 874 695 932; x_wconf 84' lang='lat' dir='ltr'>exsistere</span> <span class='ocrx_word' id='word_1_53' title='bbox 712 876 835 947; x_wconf 75' lang='grc' dir='ltr'><strong><em>νοθείας</em></strong></span> <span class='ocrx_word' id='word_1_54' title='bbox 858 875 1058 953; x_wconf 73' lang='lat' dir='ltr'>suspitionem.</span> <span class='ocrx_word' id='word_1_55' title='bbox 1104 875 1148 932; x_wconf 80' lang='lat' dir='ltr'>Ex</span> <span class='ocrx_word' id='word_1_56' title='bbox 1171 873 1207 932; x_wconf 92' lang='lat' dir='ltr'>iis</span> <span class='ocrx_word' id='word_1_57' title='bbox 1229 872 1358 951; x_wconf 85' lang='lat' dir='ltr'>appelln-</span> <span class='ocrx_word' id='word_1_58' title='bbox 1408 894 1409 939; x_wconf 55' lang='lat'>4</span> 
     </span>
    </p>
   </div>
   <div class='ocr_carea' id='block_1_4' title="bbox 221 977 1409 1059">
    <p class='ocr_par' dir='ltr' id='par_1_4' title="bbox 221 977 1409 1059">
     <span class='ocr_line' id='line_1_8' title="bbox 221 977 1409 1059; baseline -0.003 -21"><span class='ocrx_word' id='word_1_59' title='bbox 221 979 299 1050; x_wconf 80' lang='lat' dir='ltr'>tivis,</span> <span class='ocrx_word' id='word_1_60' title='bbox 323 997 397 1059; x_wconf 87' lang='lat' dir='ltr'>quse</span> <span class='ocrx_word' id='word_1_61' title='bbox 419 978 512 1038; x_wconf 89' lang='lat' dir='ltr'>tribus</span> <span class='ocrx_word' id='word_1_62' title='bbox 529 977 663 1037; x_wconf 87' lang='lat' dir='ltr'>brevibus</span> <span class='ocrx_word' id='word_1_63' title='bbox 681 978 802 1054; x_wconf 85' lang='lat' dir='ltr'>syllabis</span> <span class='ocrx_word' id='word_1_64' title='bbox 815 987 964 1049; x_wconf 80' lang='lat' dir='ltr'>constant,</span> <span class='ocrx_word' id='word_1_65' title='bbox 987 979 1162 1058; x_wconf 81' lang='lat' dir='ltr'>paucissima</span> <span class='ocrx_word' id='word_1_66' title='bbox 1184 986 1264 1048; x_wconf 89' lang='lat' dir='ltr'>sunt,</span> <span class='ocrx_word' id='word_1_67' title='bbox 1287 997 1358 1056; x_wconf 88' lang='lat' dir='ltr'>quo·</span> <span class='ocrx_word' id='word_1_68' title='bbox 1408 994 1409 997; x_wconf 71' lang='grc'>’</span> 
     </span>
    </p>
   </div>
   <div class='ocr_carea' id='block_1_5' title="bbox 220 1082 1361 1585">
    <p class='ocr_par' dir='ltr' id='par_1_5' title="bbox 220 1082 1361 1585">
     <span class='ocr_line' id='line_1_9' title="bbox 220 1082 1358 1165; baseline -0.003 -22"><span class='ocrx_word' id='word_1_69' title='bbox 220 1104 281 1143; x_wconf 89' lang='lat' dir='ltr'>rum</span> <span class='ocrx_word' id='word_1_70' title='bbox 305 1084 436 1165; x_wconf 87' lang='lat' dir='ltr'>genetivi</span> <span class='ocrx_word' id='word_1_71' title='bbox 461 1082 593 1160; x_wconf 83' lang='lat' dir='ltr'>bisyllabi</span> <span class='ocrx_word' id='word_1_72' title='bbox 617 1084 819 1154; x_wconf 88' lang='lat' dir='ltr'>inveniantur,</span> <span class='ocrx_word' id='word_1_73' title='bbox 842 1091 875 1141; x_wconf 89' lang='lat' dir='ltr'>ut</span> <span class='ocrx_word' id='word_1_74' title='bbox 896 1088 962 1157; x_wconf 79' lang='lat' dir='ltr'>viti,</span> <span class='ocrx_word' id='word_1_75' title='bbox 982 1088 1066 1157; x_wconf 77' lang='lat' dir='ltr'>preti,</span> <span class='ocrx_word' id='word_1_76' title='bbox 1088 1083 1140 1142; x_wconf 87' lang='lat' dir='ltr'>ssd</span> <span class='ocrx_word' id='word_1_77' title='bbox 1161 1101 1198 1142; x_wconf 85' lang='lat' dir='ltr'>ex</span> <span class='ocrx_word' id='word_1_78' title='bbox 1222 1103 1258 1142; x_wconf 90' lang='lat' dir='ltr'>eo</span> <span class='ocrx_word' id='word_1_79' title='bbox 1281 1083 1358 1140; x_wconf 89' lang='lat' dir='ltr'>baud</span> 
     </span>
     <span class='ocr_line' id='line_1_10' title="bbox 220 1186 1359 1268; baseline -0.004 -18"><span class='ocrx_word' id='word_1_80' title='bbox 220 1197 301 1250; x_wconf 88' lang='lat' dir='ltr'>recte</span> <span class='ocrx_word' id='word_1_81' title='bbox 324 1189 463 1248; x_wconf 84' lang='lat' dir='ltr'>coniicias</span> <span class='ocrx_word' id='word_1_82' title='bbox 486 1196 651 1247; x_wconf 85' lang='lat' dir='ltr'>ceterorum</span> <span class='ocrx_word' id='word_1_83' title='bbox 680 1187 836 1268; x_wconf 87' lang='lat' dir='ltr'>genetivus</span> <span class='ocrx_word' id='word_1_84' title='bbox 859 1186 984 1268; x_wconf 88' lang='lat' dir='ltr'>Vergilii</span> <span class='ocrx_word' id='word_1_85' title='bbox 1013 1195 1113 1247; x_wconf 84' lang='lat' dir='ltr'>aetate</span> <span class='ocrx_word' id='word_1_86' title='bbox 1135 1193 1187 1246; x_wconf 90' lang='lat' dir='ltr'>aut</span> <span class='ocrx_word' id='word_1_87' title='bbox 1208 1188 1265 1246; x_wconf 90' lang='lat' dir='ltr'>iam</span> <span class='ocrx_word' id='word_1_88' title='bbox 1288 1195 1359 1248; x_wconf 86' lang='lat' dir='ltr'>aute</span> 
     </span>
     <span class='ocr_line' id='line_1_11' title="bbox 223 1293 1360 1376; baseline -0.002 -24"><span class='ocrx_word' id='word_1_89' title='bbox 223 1295 380 1376; x_wconf 74' lang='lat' dir='ltr'>Vergilium</span> <span class='ocrx_word' id='word_1_90' title='bbox 405 1294 497 1353; x_wconf 90' lang='lat' dir='ltr'>tribus</span> <span class='ocrx_word' id='word_1_91' title='bbox 519 1293 640 1369; x_wconf 77' lang='lat' dir='ltr'>syllabis</span> <span class='ocrx_word' id='word_1_92' title='bbox 660 1293 843 1372; x_wconf 88' lang='lat' dir='ltr'>pronuntiari</span> <span class='ocrx_word' id='word_1_93' title='bbox 865 1311 1039 1364; x_wconf 86' lang='lat' dir='ltr'>consuesse;</span> <span class='ocrx_word' id='word_1_94' title='bbox 1061 1293 1169 1364; x_wconf 88' lang='lat' dir='ltr'>verius,</span> <span class='ocrx_word' id='word_1_95' title='bbox 1192 1300 1275 1371; x_wconf 88' lang='lat' dir='ltr'>puto,</span> <span class='ocrx_word' id='word_1_96' title='bbox 1299 1293 1360 1350; x_wconf 90' lang='lat' dir='ltr'>exi·</span> 
     </span>
     <span class='ocr_line' id='line_1_12' title="bbox 221 1398 1361 1479; baseline -0.005 -18"><span class='ocrx_word' id='word_1_97' title='bbox 221 1399 387 1461; x_wconf 85' lang='lat' dir='ltr'>stimaveris</span> <span class='ocrx_word' id='word_1_98' title='bbox 409 1400 558 1458; x_wconf 86' lang='lat' dir='ltr'>Romanos</span> <span class='ocrx_word' id='word_1_99' title='bbox 578 1400 613 1457; x_wconf 85' lang='lat' dir='ltr'>ab</span> <span class='ocrx_word' id='word_1_100' title='bbox 637 1417 692 1456; x_wconf 88' lang='lat' dir='ltr'>usu</span> <span class='ocrx_word' id='word_1_101' title='bbox 715 1399 920 1477; x_wconf 81' lang='lat' dir='ltr'>plerorumque</span> <span class='ocrx_word' id='word_1_102' title='bbox 942 1399 1034 1479; x_wconf 88' lang='lat' dir='ltr'>vulgo</span> <span class='ocrx_word' id='word_1_103' title='bbox 1047 1398 1252 1469; x_wconf 70' lang='lat' dir='ltr'>abhorruisse,</span> <span class='ocrx_word' id='word_1_104' title='bbox 1273 1401 1361 1455; x_wconf 76' lang='lat' dir='ltr'>stadii</span> 
     </span>
     <span class='ocr_line' id='line_1_13' title="bbox 222 1502 1360 1585; baseline -0.004 -21"><span class='ocrx_word' id='word_1_105' title='bbox 222 1504 335 1585; x_wconf 84' lang='lat' dir='ltr'>quidem</span> <span class='ocrx_word' id='word_1_106' title='bbox 359 1512 390 1563; x_wconf 89' lang='lat' dir='ltr'>et</span> <span class='ocrx_word' id='word_1_107' title='bbox 411 1507 495 1578; x_wconf 80' lang='lat' dir='ltr'>spatii</span> <span class='ocrx_word' id='word_1_108' title='bbox 517 1503 593 1582; x_wconf 86' lang='lat' dir='ltr'>apud</span> <span class='ocrx_word' id='word_1_109' title='bbox 616 1502 804 1573; x_wconf 77' lang='lat' dir='ltr'>Ciceronem,</span> <span class='ocrx_word' id='word_1_110' title='bbox 834 1505 962 1564; x_wconf 90' lang='lat' dir='ltr'>sirecte</span> <span class='ocrx_word' id='word_1_111' title='bbox 984 1504 1114 1574; x_wconf 86' lang='lat' dir='ltr'>memini,</span> <span class='ocrx_word' id='word_1_112' title='bbox 1137 1523 1221 1563; x_wconf 72' lang='lat' dir='ltr'>aeno</span> <span class='ocrx_word' id='word_1_113' title='bbox 1243 1503 1360 1562; x_wconf 90' lang='lat' dir='ltr'>critico·</span> 
     </span>
    </p>
   </div>
   <div class='ocr_carea' id='block_1_6' title="bbox 222 1606 1411 1687">
    <p class='ocr_par' dir='ltr' id='par_1_6' title="bbox 222 1606 1411 1687">
     <span class='ocr_line' id='line_1_14' title="bbox 222 1606 1411 1687; baseline -0.003 -20"><span class='ocrx_word' id='word_1_114' title='bbox 222 1629 284 1667; x_wconf 90' lang='lat' dir='ltr'>rum</span> <span class='ocrx_word' id='word_1_115' title='bbox 307 1607 594 1680; x_wconf 72' lang='lat' dir='ltr'>sollicitavit31pucs&#39;</span> <span class='ocrx_word' id='word_1_116' title='bbox 616 1606 716 1684; x_wconf 84' lang='lat' dir='ltr'>(sputi)</span> <span class='ocrx_word' id='word_1_117' title='bbox 741 1615 836 1666; x_wconf 68' lang='lat' dir='ltr'>maren</span> <span class='ocrx_word' id='word_1_118' title='bbox 861 1608 974 1667; x_wconf 82' lang='lat' dir='ltr'>memini</span> <span class='ocrx_word' id='word_1_119' title='bbox 997 1628 1036 1668; x_wconf 87' lang='lat' dir='ltr'>sx</span> <span class='ocrx_word' id='word_1_120' title='bbox 1058 1608 1176 1687; x_wconf 82' lang='lat' dir='ltr'>optimis</span> <span class='ocrx_word' id='word_1_121' title='bbox 1198 1607 1277 1666; x_wconf 90' lang='lat' dir='ltr'>libris</span> <span class='ocrx_word' id='word_1_122' title='bbox 1302 1606 1360 1664; x_wconf 87' lang='lat' dir='ltr'>Pli·</span> <span class='ocrx_word' id='word_1_123' title='bbox 1410 1642 1411 1647; x_wconf 23' lang='grc' dir='ltr'><strong>κ</strong></span> 
     </span>
    </p>
   </div>
   <div class='ocr_carea' id='block_1_7' title="bbox 222 1711 1230 1886">
    <p class='ocr_par' dir='ltr' id='par_1_7' title="bbox 222 1711 1230 1886">
     <span class='ocr_line' id='line_1_15' title="bbox 222 1711 1230 1791; baseline -0.001 -20"><span class='ocrx_word' id='word_1_124' title='bbox 222 1713 270 1774; x_wconf 89' lang='lat' dir='ltr'>nio</span> <span class='ocrx_word' id='word_1_125' title='bbox 293 1712 460 1772; x_wconf 85' lang='lat' dir='ltr'>restitutum</span> <span class='ocrx_word' id='word_1_126' title='bbox 483 1730 549 1770; x_wconf 87' lang='lat' dir='ltr'>esse</span> <span class='ocrx_word' id='word_1_127' title='bbox 570 1729 589 1769; x_wconf 86' lang='lat' dir='ltr'>a</span> <span class='ocrx_word' id='word_1_128' title='bbox 609 1711 765 1791; x_wconf 85' lang='lat' dir='ltr'>Silligio</span> <span class='ocrx_word' id='word_1_129' title='bbox 788 1731 870 1783; x_wconf 89' lang='lat' dir='ltr'>meo,</span> <span class='ocrx_word' id='word_1_130' title='bbox 892 1713 944 1772; x_wconf 90' lang='lat' dir='ltr'>sed</span> <span class='ocrx_word' id='word_1_131' title='bbox 968 1734 1025 1773; x_wconf 90' lang='lat' dir='ltr'>non</span> <span class='ocrx_word' id='word_1_132' title='bbox 1048 1719 1230 1772; x_wconf 80' lang='lat' dir='ltr'>constanter.</span> 
     </span>
     <span class='ocr_line' id='line_1_16' title="bbox 307 1818 509 1886; baseline -0.01 -10"><span class='ocrx_word' id='word_1_133' title='bbox 307 1818 379 1876; x_wconf 82' lang='lat' dir='ltr'>Aen.</span> <span class='ocrx_word' id='word_1_134' title='bbox 404 1821 434 1886; x_wconf 77' lang='lat' dir='ltr'>d,</span> <span class='ocrx_word' id='word_1_135' title='bbox 458 1818 509 1874; x_wconf 78' lang='lat'>98.</span> 
     </span>
    </p>
   </div>
   <div class='ocr_carea' id='block_1_8' title="bbox 457 1916 1412 2009">
    <p class='ocr_par' dir='ltr' id='par_1_8' title="bbox 457 1916 1412 2009">
     <span class='ocr_line' id='line_1_17' title="bbox 457 1916 1412 2009; baseline -0.005 -32"><span class='ocrx_word' id='word_1_136' title='bbox 457 1921 512 1977; x_wconf 83' lang='lat' dir='ltr'>Sed</span> <span class='ocrx_word' id='word_1_137' title='bbox 533 1923 593 1994; x_wconf 81' lang='lat' dir='ltr'>quis</span> <span class='ocrx_word' id='word_1_138' title='bbox 614 1923 670 1976; x_wconf 82' lang='lat' dir='ltr'>erit</span> <span class='ocrx_word' id='word_1_139' title='bbox 692 1921 811 1978; x_wconf 83' lang='lat' dir='ltr'>modas?</span> <span class='ocrx_word' id='word_1_140' title='bbox 832 1929 882 1978; x_wconf 83' lang='lat' dir='ltr'>out</span> <span class='ocrx_word' id='word_1_141' title='bbox 901 1937 955 1994; x_wconf 77' lang='lat' dir='ltr'>quo</span> <span class='ocrx_word' id='word_1_142' title='bbox 977 1937 1052 1976; x_wconf 78' lang='lat' dir='ltr'>aeas</span> <span class='ocrx_word' id='word_1_143' title='bbox 1073 1917 1233 1976; x_wconf 88' lang='lat' dir='ltr'>certamina</span> <span class='ocrx_word' id='word_1_144' title='bbox 1256 1916 1362 1974; x_wconf 84' lang='lat' dir='ltr'>tantal</span> <span class='ocrx_word' id='word_1_145' title='bbox 1411 2004 1412 2009; x_wconf 7' lang='grc' dir='ltr'>ἵ</span> 
     </span>
    </p>
   </div>
   <div class='ocr_carea' id='block_1_9' title="bbox 219 2021 1362 2105">
    <p class='ocr_par' dir='ltr' id='par_1_9' title="bbox 219 2021 1362 2105">
     <span class='ocr_line' id='line_1_18' title="bbox 219 2021 1362 2105; baseline -0.006 -21"><span class='ocrx_word' id='word_1_146' title='bbox 219 2028 372 2084; x_wconf 78' lang='lat' dir='ltr'>certamine</span> <span class='ocrx_word' id='word_1_147' title='bbox 394 2034 471 2083; x_wconf 79' lang='lat' dir='ltr'>santo</span> <span class='ocrx_word' id='word_1_148' title='bbox 493 2023 616 2083; x_wconf 79' lang='lat' dir='ltr'>labnius</span> <span class='ocrx_word' id='word_1_149' title='bbox 639 2032 670 2083; x_wconf 87' lang='lat' dir='ltr'>et</span> <span class='ocrx_word' id='word_1_150' title='bbox 692 2024 884 2105; x_wconf 82' lang='lat' dir='ltr'>Ladevvigius</span> <span class='ocrx_word' id='word_1_151' title='bbox 915 2031 1109 2093; x_wconf 79' lang='lat' dir='ltr'>revocaruut3</span> <span class='ocrx_word' id='word_1_152' title='bbox 1137 2021 1240 2082; x_wconf 89' lang='lat' dir='ltr'>vellem</span> <span class='ocrx_word' id='word_1_153' title='bbox 1271 2021 1362 2079; x_wconf 86' lang='lat' dir='ltr'>etiam</span> 
     </span>
    </p>
   </div>
   <div class='ocr_carea' id='block_1_10' title="bbox 221 2125 1412 2208">
    <p class='ocr_par' dir='ltr' id='par_1_10' title="bbox 221 2125 1412 2208">
     <span class='ocr_line' id='line_1_19' title="bbox 221 2125 1412 2208; baseline 0 -21"><span class='ocrx_word' id='word_1_154' title='bbox 221 2129 394 2208; x_wconf 75' lang='lat' dir='ltr'>probassent</span> <span class='ocrx_word' id='word_1_155' title='bbox 424 2127 465 2186; x_wconf 83' lang='lat' dir='ltr'>ita</span> <span class='ocrx_word' id='word_1_156' title='bbox 499 2127 578 2207; x_wconf 92' lang='lat' dir='ltr'>loqui</span> <span class='ocrx_word' id='word_1_157' title='bbox 602 2127 727 2186; x_wconf 85' lang='lat' dir='ltr'>Latinos</span> <span class='ocrx_word' id='word_1_158' title='bbox 735 2170 743 2199; x_wconf 94' lang='lat'>,</span> <span class='ocrx_word' id='word_1_159' title='bbox 771 2128 807 2186; x_wconf 87' lang='lat' dir='ltr'>dc</span> <span class='ocrx_word' id='word_1_160' title='bbox 837 2147 895 2206; x_wconf 87' lang='lat' dir='ltr'>quo</span> <span class='ocrx_word' id='word_1_161' title='bbox 922 2125 1064 2185; x_wconf 78' lang='lat' dir='ltr'>dubitabit</span> <span class='ocrx_word' id='word_1_162' title='bbox 1090 2126 1135 2186; x_wconf 90' lang='lat' dir='ltr'>vel</span> <span class='ocrx_word' id='word_1_163' title='bbox 1163 2125 1211 2204; x_wconf 81' lang='lat' dir='ltr'>qui</span> <span class='ocrx_word' id='word_1_164' title='bbox 1243 2125 1362 2195; x_wconf 89' lang='lat' dir='ltr'>viderit,</span> <span class='ocrx_word' id='word_1_165' title='bbox 1411 2184 1412 2187; x_wconf 74' lang='grc'>,</span> 
     </span>
    </p>
   </div>
   <div class='ocr_carea' id='block_1_11' title="bbox 220 2227 1360 2312">
    <p class='ocr_par' dir='ltr' id='par_1_11' title="bbox 220 2227 1360 2312">
     <span class='ocr_line' id='line_1_20' title="bbox 220 2227 1360 2312; baseline -0.004 -20"><span class='ocrx_word' id='word_1_166' title='bbox 220 2252 305 2312; x_wconf 87' lang='lat' dir='ltr'>quam</span> <span class='ocrx_word' id='word_1_167' title='bbox 336 2231 439 2290; x_wconf 82' lang='lat' dir='ltr'>misere</span> <span class='ocrx_word' id='word_1_168' title='bbox 467 2249 500 2288; x_wconf 90' lang='lat' dir='ltr'>se</span> <span class='ocrx_word' id='word_1_169' title='bbox 524 2239 662 2309; x_wconf 85' lang='lat' dir='ltr'>torquent</span> <span class='ocrx_word' id='word_1_170' title='bbox 686 2231 806 2291; x_wconf 85' lang='lat' dir='ltr'>Servius</span> <span class='ocrx_word' id='word_1_171' title='bbox 841 2229 869 2288; x_wconf 94' lang='lat' dir='ltr'>in</span> <span class='ocrx_word' id='word_1_172' title='bbox 893 2229 1114 2307; x_wconf 87' lang='lat' dir='ltr'>interpretando</span> <span class='ocrx_word' id='word_1_173' title='bbox 1150 2249 1186 2288; x_wconf 88' lang='lat' dir='ltr'>eo</span> <span class='ocrx_word' id='word_1_174' title='bbox 1213 2227 1360 2299; x_wconf 87' lang='lat' dir='ltr'>ablativo;</span> 
     </span>
    </p>
   </div>
   <div class='ocr_carea' id='block_1_12' title="bbox 221 2332 1413 2415">
    <p class='ocr_par' dir='ltr' id='par_1_12' title="bbox 221 2332 1413 2415">
     <span class='ocr_line' id='line_1_21' title="bbox 221 2332 1413 2415; baseline -0.005 -20"><span class='ocrx_word' id='word_1_175' title='bbox 221 2345 325 2396; x_wconf 85' lang='lat' dir='ltr'>contra</span> <span class='ocrx_word' id='word_1_176' title='bbox 346 2354 399 2410; x_wconf 83' lang='lat' dir='ltr'>qao</span> <span class='ocrx_word' id='word_1_177' title='bbox 422 2337 578 2392; x_wconf 82' lang='lat' dir='ltr'>certamina</span> <span class='ocrx_word' id='word_1_178' title='bbox 605 2344 683 2392; x_wconf 83' lang='lat' dir='ltr'>tuoto</span> <span class='ocrx_word' id='word_1_179' title='bbox 705 2335 811 2398; x_wconf 83' lang='lat' dir='ltr'>Latias</span> <span class='ocrx_word' id='word_1_180' title='bbox 839 2337 896 2396; x_wconf 90' lang='lat' dir='ltr'>dici</span> <span class='ocrx_word' id='word_1_181' title='bbox 925 2356 1008 2396; x_wconf 92' lang='lat' dir='ltr'>nemo</span> <span class='ocrx_word' id='word_1_182' title='bbox 1039 2334 1169 2415; x_wconf 89' lang='lat' dir='ltr'>negavit.</span> <span class='ocrx_word' id='word_1_183' title='bbox 1216 2332 1362 2410; x_wconf 84' lang='lat' dir='ltr'>ldauptius</span> <span class='ocrx_word' id='word_1_184' title='bbox 1412 2402 1413 2407; x_wconf 7' lang='grc' dir='ltr'>ἵ</span> 
     </span>
    </p>
   </div>
   <div class='ocr_carea' id='block_1_13' title="bbox 138 2439 1367 4395">
    <p class='ocr_par' dir='ltr' id='par_1_13' title="bbox 138 2439 1367 4080">
     <span class='ocr_line' id='line_1_22' title="bbox 221 2439 1363 2518; baseline -0.003 -19"><span class='ocrx_word' id='word_1_185' title='bbox 221 2441 308 2500; x_wconf 88' lang='lat' dir='ltr'>rediit</span> <span class='ocrx_word' id='word_1_186' title='bbox 337 2439 373 2498; x_wconf 84' lang='lat' dir='ltr'>ad</span> <span class='ocrx_word' id='word_1_187' title='bbox 403 2439 448 2510; x_wconf 92' lang='lat' dir='ltr'>id,</span> <span class='ocrx_word' id='word_1_188' title='bbox 478 2440 555 2518; x_wconf 87' lang='lat' dir='ltr'>quod</span> <span class='ocrx_word' id='word_1_189' title='bbox 589 2441 758 2500; x_wconf 84' lang='lat' dir='ltr'>coniectura</span> <span class='ocrx_word' id='word_1_190' title='bbox 787 2450 942 2502; x_wconf 89' lang='lat' dir='ltr'>assecutus</span> <span class='ocrx_word' id='word_1_191' title='bbox 965 2452 1012 2500; x_wconf 91' lang='lat' dir='ltr'>est</span> <span class='ocrx_word' id='word_1_192' title='bbox 1035 2439 1181 2509; x_wconf 80' lang='lat' dir='ltr'>Heinsius,</span> <span class='ocrx_word' id='word_1_193' title='bbox 1203 2445 1363 2498; x_wconf 68' lang='lat' dir='ltr'>cmtnvae&#39;ao</span> 
     </span>
     <span class='ocr_line' id='line_1_23' title="bbox 221 2543 1364 2625; baseline 0.002 -24"><span class='ocrx_word' id='word_1_194' title='bbox 221 2555 316 2614; x_wconf 76' lang='lat' dir='ltr'>taam,</span> <span class='ocrx_word' id='word_1_195' title='bbox 347 2543 424 2622; x_wconf 83' lang='lat' dir='ltr'>quod</span> <span class='ocrx_word' id='word_1_196' title='bbox 448 2563 507 2623; x_wconf 89' lang='lat' dir='ltr'>ego</span> <span class='ocrx_word' id='word_1_197' title='bbox 535 2563 650 2623; x_wconf 85' lang='lat' dir='ltr'>quoque</span> <span class='ocrx_word' id='word_1_198' title='bbox 681 2564 744 2604; x_wconf 89' lang='lat' dir='ltr'>cum</span> <span class='ocrx_word' id='word_1_199' title='bbox 767 2546 881 2621; x_wconf 83' lang='lat' dir='ltr'>lleynio</span> <span class='ocrx_word' id='word_1_200' title='bbox 908 2545 1138 2625; x_wconf 86' lang='lat' dir='ltr'>amplectendum</span> <span class='ocrx_word' id='word_1_201' title='bbox 1168 2544 1279 2603; x_wconf 89' lang='lat' dir='ltr'>censui.</span> <span class='ocrx_word' id='word_1_202' title='bbox 1324 2546 1364 2603; x_wconf 80' lang='lat' dir='ltr'>At</span> 
     </span>
     <span class='ocr_line' id='line_1_24' title="bbox 222 2646 1364 2718; baseline 0.001 -12"><span class='ocrx_word' id='word_1_203' title='bbox 222 2648 348 2706; x_wconf 89' lang='lat' dir='ltr'>alienum</span> <span class='ocrx_word' id='word_1_204' title='bbox 371 2648 440 2716; x_wconf 89' lang='lat' dir='ltr'>boc,</span> <span class='ocrx_word' id='word_1_205' title='bbox 463 2647 506 2705; x_wconf 90' lang='lat' dir='ltr'>ait</span> <span class='ocrx_word' id='word_1_206' title='bbox 527 2647 665 2718; x_wconf 77' lang='lat' dir='ltr'>lalunius,</span> <span class='ocrx_word' id='word_1_207' title='bbox 696 2669 714 2706; x_wconf 92' lang='lat' dir='ltr'>a</span> <span class='ocrx_word' id='word_1_208' title='bbox 737 2650 830 2710; x_wconf 88' lang='lat' dir='ltr'>totius</span> <span class='ocrx_word' id='word_1_209' title='bbox 851 2651 909 2710; x_wconf 88' lang='lat' dir='ltr'>loci</span> <span class='ocrx_word' id='word_1_210' title='bbox 931 2649 1079 2710; x_wconf 85' lang='lat' dir='ltr'>sententia</span> <span class='ocrx_word' id='word_1_211' title='bbox 1102 2647 1169 2718; x_wconf 90' lang='lat' dir='ltr'>„cui</span> <span class='ocrx_word' id='word_1_212' title='bbox 1192 2646 1268 2704; x_wconf 88' lang='lat' dir='ltr'>bono</span> <span class='ocrx_word' id='word_1_213' title='bbox 1292 2657 1364 2707; x_wconf 88' lang='lat' dir='ltr'>sunt</span> 
     </span>
     <span class='ocr_line' id='line_1_25' title="bbox 222 2751 1364 2831; baseline -0.003 -20"><span class='ocrx_word' id='word_1_214' title='bbox 222 2752 396 2822; x_wconf 88' lang='lat' dir='ltr'>certamina,</span> <span class='ocrx_word' id='word_1_215' title='bbox 430 2751 497 2831; x_wconf 90' lang='lat' dir='ltr'>quid</span> <span class='ocrx_word' id='word_1_216' title='bbox 531 2760 655 2830; x_wconf 88' lang='lat' dir='ltr'>prosunt</span> <span class='ocrx_word' id='word_1_217' title='bbox 684 2755 843 2813; x_wconf 84' lang='lat' dir='ltr'>certamina</span> <span class='ocrx_word' id='word_1_218' title='bbox 875 2755 989 2815; x_wconf 86' lang='lat' dir='ltr'>tanta.”</span> <span class='ocrx_word' id='word_1_219' title='bbox 1045 2756 1075 2810; x_wconf 92' lang='lat' dir='ltr'>ln</span> <span class='ocrx_word' id='word_1_220' title='bbox 1109 2771 1166 2831; x_wconf 88' lang='lat' dir='ltr'>quo</span> <span class='ocrx_word' id='word_1_221' title='bbox 1189 2759 1270 2810; x_wconf 88' lang='lat' dir='ltr'>certe</span> <span class='ocrx_word' id='word_1_222' title='bbox 1290 2751 1364 2810; x_wconf 86' lang='lat' dir='ltr'>illud</span> 
     </span>
     <span class='ocr_line' id='line_1_26' title="bbox 221 2857 1366 2936; baseline -0.004 -19"><span class='ocrx_word' id='word_1_223' title='bbox 221 2858 327 2918; x_wconf 84' lang='lat' dir='ltr'>falsum</span> <span class='ocrx_word' id='word_1_224' title='bbox 351 2866 397 2916; x_wconf 86' lang='lat' dir='ltr'>est</span> <span class='ocrx_word' id='word_1_225' title='bbox 420 2860 466 2914; x_wconf 78' lang='lat' dir='ltr'>cat</span> <span class='ocrx_word' id='word_1_226' title='bbox 488 2857 660 2926; x_wconf 75' lang='lat' dir='ltr'>bonosum,</span> <span class='ocrx_word' id='word_1_227' title='bbox 696 2858 773 2935; x_wconf 73' lang='lat' dir='ltr'>qmd</span> <span class='ocrx_word' id='word_1_228' title='bbox 795 2859 947 2936; x_wconf 86' lang='lat' dir='ltr'>significat</span> <span class='ocrx_word' id='word_1_229' title='bbox 976 2862 1022 2916; x_wconf 79' lang='lat' dir='ltr'>cul</span> <span class='ocrx_word' id='word_1_230' title='bbox 1053 2866 1185 2930; x_wconf 69' lang='lat' dir='ltr'>prostat,</span> <span class='ocrx_word' id='word_1_231' title='bbox 1215 2875 1273 2913; x_wconf 91' lang='lat' dir='ltr'>non</span> <span class='ocrx_word' id='word_1_232' title='bbox 1295 2860 1366 2930; x_wconf 77' lang='lat' dir='ltr'>qaid</span> 
     </span>
     <span class='ocr_line' id='line_1_27' title="bbox 218 2959 1366 3040; baseline -0.001 -20"><span class='ocrx_word' id='word_1_233' title='bbox 218 2972 351 3037; x_wconf 82' lang='lat' dir='ltr'>prosant;</span> <span class='ocrx_word' id='word_1_234' title='bbox 381 2962 431 3020; x_wconf 88' lang='lat' dir='ltr'>sed</span> <span class='ocrx_word' id='word_1_235' title='bbox 462 2961 489 3019; x_wconf 91' lang='lat' dir='ltr'>id</span> <span class='ocrx_word' id='word_1_236' title='bbox 519 2961 630 3040; x_wconf 84' lang='lat' dir='ltr'>quidem</span> <span class='ocrx_word' id='word_1_237' title='bbox 660 2980 801 3039; x_wconf 87' lang='lat' dir='ltr'>quaerere</span> <span class='ocrx_word' id='word_1_238' title='bbox 832 2964 901 3022; x_wconf 86' lang='lat' dir='ltr'>nibil</span> <span class='ocrx_word' id='word_1_239' title='bbox 928 2963 975 3022; x_wconf 89' lang='lat' dir='ltr'>bic</span> <span class='ocrx_word' id='word_1_240' title='bbox 1000 2961 1153 3022; x_wconf 82' lang='lat' dir='ltr'>attinebat.</span> <span class='ocrx_word' id='word_1_241' title='bbox 1199 2959 1302 3017; x_wconf 88' lang='lat' dir='ltr'>Verum</span> <span class='ocrx_word' id='word_1_242' title='bbox 1329 2980 1366 3019; x_wconf 92' lang='lat' dir='ltr'>ne</span> 
     </span>
     <span class='ocr_line' id='line_1_28' title="bbox 222 3064 1365 3146; baseline -0.001 -21"><span class='ocrx_word' id='word_1_243' title='bbox 222 3069 277 3126; x_wconf 90' lang='lat' dir='ltr'>boc</span> <span class='ocrx_word' id='word_1_244' title='bbox 302 3065 414 3146; x_wconf 86' lang='lat' dir='ltr'>quidem</span> <span class='ocrx_word' id='word_1_245' title='bbox 438 3065 508 3124; x_wconf 87' lang='lat' dir='ltr'>dicit</span> <span class='ocrx_word' id='word_1_246' title='bbox 529 3076 631 3144; x_wconf 87' lang='lat' dir='ltr'>poeta:</span> <span class='ocrx_word' id='word_1_247' title='bbox 663 3066 752 3144; x_wconf 88' lang='lat' dir='ltr'>„quid</span> <span class='ocrx_word' id='word_1_248' title='bbox 776 3076 947 3144; x_wconf 88' lang='lat' dir='ltr'>prosunt</span> <span class='ocrx_word' id='word_1_249' title='bbox 969 3067 1129 3127; x_wconf 89' lang='lat' dir='ltr'>certamina</span> <span class='ocrx_word' id='word_1_250' title='bbox 1151 3064 1272 3136; x_wconf 84' lang='lat' dir='ltr'>tanta,”</span> <span class='ocrx_word' id='word_1_251' title='bbox 1308 3086 1365 3124; x_wconf 90' lang='lat' dir='ltr'>nec</span> 
     </span>
     <span class='ocr_line' id='line_1_29' title="bbox 223 3170 1365 3252; baseline -0.003 -21"><span class='ocrx_word' id='word_1_252' title='bbox 223 3173 339 3232; x_wconf 90' lang='lat' dir='ltr'>omnino</span> <span class='ocrx_word' id='word_1_253' title='bbox 362 3171 458 3229; x_wconf 89' lang='lat' dir='ltr'>estin</span> <span class='ocrx_word' id='word_1_254' title='bbox 483 3171 651 3229; x_wconf 86' lang='lat' dir='ltr'>coniectura</span> <span class='ocrx_word' id='word_1_255' title='bbox 674 3170 802 3243; x_wconf 85' lang='lat' dir='ltr'>lleinsii,</span> <span class='ocrx_word' id='word_1_256' title='bbox 835 3173 910 3252; x_wconf 81' lang='lat' dir='ltr'>quod</span> <span class='ocrx_word' id='word_1_257' title='bbox 934 3174 1112 3231; x_wconf 90' lang='lat' dir='ltr'>contrarium</span> <span class='ocrx_word' id='word_1_258' title='bbox 1135 3170 1175 3230; x_wconf 89' lang='lat' dir='ltr'>sit</span> <span class='ocrx_word' id='word_1_259' title='bbox 1196 3171 1365 3228; x_wconf 87' lang='lat' dir='ltr'>sententiae</span> 
     </span>
     <span class='ocr_line' id='line_1_30' title="bbox 223 3274 1365 3354; baseline -0.005 -19"><span class='ocrx_word' id='word_1_260' title='bbox 223 3277 362 3354; x_wconf 89' lang='lat' dir='ltr'>reliquae.</span> <span class='ocrx_word' id='word_1_261' title='bbox 414 3274 456 3330; x_wconf 80' lang='lat' dir='ltr'>lln</span> <span class='ocrx_word' id='word_1_262' title='bbox 489 3281 611 3332; x_wconf 87' lang='lat' dir='ltr'>mentem</span> <span class='ocrx_word' id='word_1_263' title='bbox 643 3283 769 3351; x_wconf 83' lang='lat' dir='ltr'>poetas:</span> <span class='ocrx_word' id='word_1_264' title='bbox 797 3276 912 3352; x_wconf 90' lang='lat' dir='ltr'>quando</span> <span class='ocrx_word' id='word_1_265' title='bbox 937 3276 1061 3354; x_wconf 86' lang='lat' dir='ltr'>denique</span> <span class='ocrx_word' id='word_1_266' title='bbox 1094 3275 1257 3333; x_wconf 85' lang='lat' dir='ltr'>desinemus</span> <span class='ocrx_word' id='word_1_267' title='bbox 1284 3275 1365 3330; x_wconf 90' lang='lat' dir='ltr'>inter</span> 
     </span>
     <span class='ocr_line' id='line_1_31' title="bbox 224 3377 1364 3459; baseline -0.004 -20"><span class='ocrx_word' id='word_1_268' title='bbox 224 3401 277 3438; x_wconf 88' lang='lat' dir='ltr'>nos</span> <span class='ocrx_word' id='word_1_269' title='bbox 300 3378 434 3438; x_wconf 75' lang='lat' dir='ltr'>certat-al</span> <span class='ocrx_word' id='word_1_270' title='bbox 458 3377 532 3455; x_wconf 80' lang='lat' dir='ltr'>(quis</span> <span class='ocrx_word' id='word_1_271' title='bbox 553 3382 609 3435; x_wconf 84' lang='lat' dir='ltr'>erit</span> <span class='ocrx_word' id='word_1_272' title='bbox 628 3379 761 3451; x_wconf 73' lang='lat' dir='ltr'>modost)</span> <span class='ocrx_word' id='word_1_273' title='bbox 784 3385 836 3437; x_wconf 91' lang='lat' dir='ltr'>aut</span> <span class='ocrx_word' id='word_1_274' title='bbox 858 3397 916 3457; x_wconf 84' lang='lat' dir='ltr'>quo</span> <span class='ocrx_word' id='word_1_275' title='bbox 939 3379 1026 3459; x_wconf 81' lang='lat' dir='ltr'>(qua</span> <span class='ocrx_word' id='word_1_276' title='bbox 1047 3378 1176 3454; x_wconf 85' lang='lat' dir='ltr'>causa)</span> <span class='ocrx_word' id='word_1_277' title='bbox 1200 3395 1277 3435; x_wconf 86' lang='lat' dir='ltr'>nuuc</span> <span class='ocrx_word' id='word_1_278' title='bbox 1299 3385 1364 3435; x_wconf 88' lang='lat' dir='ltr'>tan·</span> 
     </span>
     <span class='ocr_line' id='line_1_32' title="bbox 138 3479 1365 3561; baseline -0.001 -19"><span class='ocrx_word' id='word_1_279' title='bbox 138 3549 141 3557; x_wconf 47' lang='grc'>,</span> <span class='ocrx_word' id='word_1_280' title='bbox 224 3493 282 3542; x_wconf 91' lang='lat' dir='ltr'>tum</span> <span class='ocrx_word' id='word_1_281' title='bbox 306 3491 451 3542; x_wconf 81' lang='lat' dir='ltr'>certamus</span> <span class='ocrx_word' id='word_1_282' title='bbox 474 3481 536 3540; x_wconf 90' lang='lat' dir='ltr'>sive</span> <span class='ocrx_word' id='word_1_283' title='bbox 557 3480 623 3560; x_wconf 92' lang='lat' dir='ltr'>quid</span> <span class='ocrx_word' id='word_1_284' title='bbox 648 3500 866 3540; x_wconf 83' lang='lat' dir='ltr'>exercemus</span> <span class='ocrx_word' id='word_1_285' title='bbox 895 3484 987 3561; x_wconf 80' lang='lat' dir='ltr'>(quod</span> <span class='ocrx_word' id='word_1_286' title='bbox 1012 3484 1127 3543; x_wconf 89' lang='lat' dir='ltr'>verbum</span> <span class='ocrx_word' id='word_1_287' title='bbox 1150 3481 1207 3540; x_wconf 89' lang='lat' dir='ltr'>erit</span> <span class='ocrx_word' id='word_1_288' title='bbox 1229 3479 1365 3541; x_wconf 81' lang='lat' dir='ltr'>sortasse</span> 
     </span>
     <span class='ocr_line' id='line_1_33' title="bbox 222 3587 1363 3668; baseline 0 -22"><span class='ocrx_word' id='word_1_289' title='bbox 222 3589 271 3668; x_wconf 89' lang='lat' dir='ltr'>qui</span> <span class='ocrx_word' id='word_1_290' title='bbox 294 3596 408 3666; x_wconf 91' lang='lat' dir='ltr'>poetam</span> <span class='ocrx_word' id='word_1_291' title='bbox 432 3607 449 3645; x_wconf 89' lang='lat' dir='ltr'>e</span> <span class='ocrx_word' id='word_1_292' title='bbox 472 3607 514 3645; x_wconf 86' lang='lat' dir='ltr'>vs.</span> <span class='ocrx_word' id='word_1_293' title='bbox 542 3587 601 3644; x_wconf 78' lang='lat'>100</span> <span class='ocrx_word' id='word_1_294' title='bbox 625 3593 721 3644; x_wconf 87' lang='lat' dir='ltr'>mente</span> <span class='ocrx_word' id='word_1_295' title='bbox 735 3587 968 3667; x_wconf 87' lang='lat' dir='ltr'>iampreecipere</span> <span class='ocrx_word' id='word_1_296' title='bbox 986 3596 1114 3664; x_wconf 85' lang='lat' dir='ltr'>statuat)</span> <span class='ocrx_word' id='word_1_297' title='bbox 1132 3595 1224 3656; x_wconf 83' lang='lat' dir='ltr'>tauta,</span> <span class='ocrx_word' id='word_1_298' title='bbox 1248 3598 1363 3664; x_wconf 81' lang='lat' dir='ltr'>quanta</span> 
     </span>
     <span class='ocr_line' id='line_1_34' title="bbox 222 3691 1364 3769; baseline 0 -18"><span class='ocrx_word' id='word_1_299' title='bbox 222 3693 258 3752; x_wconf 87' lang='lat' dir='ltr'>ad</span> <span class='ocrx_word' id='word_1_300' title='bbox 281 3694 355 3750; x_wconf 90' lang='lat' dir='ltr'>bunc</span> <span class='ocrx_word' id='word_1_301' title='bbox 377 3693 450 3750; x_wconf 89' lang='lat' dir='ltr'>diem</span> <span class='ocrx_word' id='word_1_302' title='bbox 474 3691 672 3759; x_wconf 83' lang='lat' dir='ltr'>exercuimus,</span> <span class='ocrx_word' id='word_1_303' title='bbox 695 3692 855 3749; x_wconf 85' lang='lat' dir='ltr'>certamina</span> <span class='ocrx_word' id='word_1_304' title='bbox 878 3712 968 3762; x_wconf 87' lang='lat' dir='ltr'>nunc,</span> <span class='ocrx_word' id='word_1_305' title='bbox 1003 3712 1038 3751; x_wconf 88' lang='lat' dir='ltr'>eo</span> <span class='ocrx_word' id='word_1_306' title='bbox 1072 3692 1195 3751; x_wconf 81' lang='lat' dir='ltr'>maxime</span> <span class='ocrx_word' id='word_1_307' title='bbox 1217 3702 1364 3769; x_wconf 89' lang='lat' dir='ltr'>tempore,</span> 
     </span>
     <span class='ocr_line' id='line_1_35' title="bbox 223 3777 1364 3878; baseline 0.003 -24"><span class='ocrx_word' id='word_1_308' title='bbox 223 3815 280 3878; x_wconf 90' lang='lat' dir='ltr'>quo</span> <span class='ocrx_word' id='word_1_309' title='bbox 305 3795 434 3865; x_wconf 89' lang='lat' dir='ltr'>babes,</span> <span class='ocrx_word' id='word_1_310' title='bbox 466 3802 550 3852; x_wconf 91' lang='lat' dir='ltr'>tota</span> <span class='ocrx_word' id='word_1_311' title='bbox 581 3793 672 3870; x_wconf 85' lang='lat' dir='ltr'>quod</span> <span class='ocrx_word' id='word_1_312' title='bbox 705 3805 831 3854; x_wconf 88' lang='lat' dir='ltr'>mente</span> <span class='ocrx_word' id='word_1_313' title='bbox 865 3797 1022 3874; x_wconf 84' lang='lat' dir='ltr'>petistil</span> <span class='ocrx_word' id='word_1_314' title='bbox 1074 3777 1104 3853; x_wconf 82' lang='lat' dir='ltr'>ln</span> <span class='ocrx_word' id='word_1_315' title='bbox 1135 3798 1179 3855; x_wconf 88' lang='lat' dir='ltr'>bis</span> <span class='ocrx_word' id='word_1_316' title='bbox 1210 3798 1277 3876; x_wconf 88' lang='lat' dir='ltr'>quid</span> <span class='ocrx_word' id='word_1_317' title='bbox 1301 3819 1364 3857; x_wconf 90' lang='lat' dir='ltr'>non</span> 
     </span>
     <span class='ocr_line' id='line_1_36' title="bbox 222 3896 889 3979; baseline 0 -21"><span class='ocrx_word' id='word_1_318' title='bbox 222 3909 369 3979; x_wconf 79' lang='lat' dir='ltr'>congruat</span> <span class='ocrx_word' id='word_1_319' title='bbox 393 3901 470 3958; x_wconf 88' lang='lat' dir='ltr'>inter</span> <span class='ocrx_word' id='word_1_320' title='bbox 491 3918 533 3968; x_wconf 89' lang='lat' dir='ltr'>se,</span> <span class='ocrx_word' id='word_1_321' title='bbox 557 3896 686 3975; x_wconf 86' lang='lat' dir='ltr'>equidem</span> <span class='ocrx_word' id='word_1_322' title='bbox 713 3917 768 3955; x_wconf 91' lang='lat' dir='ltr'>non</span> <span class='ocrx_word' id='word_1_323' title='bbox 793 3899 889 3958; x_wconf 88' lang='lat' dir='ltr'>video.</span> 
     </span>
     <span class='ocr_line' id='line_1_37' title="bbox 264 4003 1367 4080; baseline 0.002 -17"><span class='ocrx_word' id='word_1_324' title='bbox 264 4005 336 4064; x_wconf 80' lang='lat' dir='ltr'>Aen.</span> <span class='ocrx_word' id='word_1_325' title='bbox 362 4008 391 4074; x_wconf 79' lang='lat' dir='ltr'>d,</span> <span class='ocrx_word' id='word_1_326' title='bbox 417 4003 596 4062; x_wconf 74' lang='lat' dir='ltr'>aut-258.</span> <span class='ocrx_word' id='word_1_327' title='bbox 642 4003 728 4058; x_wconf 84' lang='lat' dir='ltr'>Haud</span> <span class='ocrx_word' id='word_1_328' title='bbox 749 4005 835 4060; x_wconf 76' lang='lat' dir='ltr'>aliter</span> <span class='ocrx_word' id='word_1_329' title='bbox 857 4013 954 4061; x_wconf 81' lang='lat' dir='ltr'>terras</span> <span class='ocrx_word' id='word_1_330' title='bbox 976 4008 1050 4063; x_wconf 80' lang='lat' dir='ltr'>inter</span> <span class='ocrx_word' id='word_1_331' title='bbox 1072 4008 1231 4080; x_wconf 78' lang='lat' dir='ltr'>caelumque</span> <span class='ocrx_word' id='word_1_332' title='bbox 1252 4009 1367 4065; x_wconf 77' lang='lat' dir='ltr'>volabat</span> 
     </span>
    </p>

    <p class='ocr_par' dir='ltr' id='par_1_14' title="bbox 353 4107 1088 4181">
     <span class='ocr_line' id='line_1_38' title="bbox 353 4107 1088 4181; baseline 0 -15"><span class='ocrx_word' id='word_1_333' title='bbox 353 4109 428 4166; x_wconf 84' lang='lat' dir='ltr'>Litus</span> <span class='ocrx_word' id='word_1_334' title='bbox 451 4124 598 4163; x_wconf 81' lang='lat' dir='ltr'>arenosum</span> <span class='ocrx_word' id='word_1_335' title='bbox 621 4107 660 4162; x_wconf 82' lang='lat' dir='ltr'>nd</span> <span class='ocrx_word' id='word_1_336' title='bbox 682 4107 784 4178; x_wconf 76' lang='lat' dir='ltr'>Libyae</span> <span class='ocrx_word' id='word_1_337' title='bbox 805 4117 951 4181; x_wconf 78' lang='lat' dir='ltr'>centosque</span> <span class='ocrx_word' id='word_1_338' title='bbox 974 4110 1088 4167; x_wconf 80' lang='lat' dir='ltr'>secabat</span> 
     </span>
    </p>

    <p class='ocr_par' dir='ltr' id='par_1_15' title="bbox 227 4210 1365 4395">
     <span class='ocr_line' id='line_1_39' title="bbox 354 4210 1014 4284; baseline 0.002 -16"><span class='ocrx_word' id='word_1_339' title='bbox 354 4213 478 4268; x_wconf 80' lang='lat' dir='ltr'>Materno</span> <span class='ocrx_word' id='word_1_340' title='bbox 500 4212 614 4266; x_wconf 78' lang='lat' dir='ltr'>ueniens</span> <span class='ocrx_word' id='word_1_341' title='bbox 635 4210 669 4265; x_wconf 86' lang='lat' dir='ltr'>ob</span> <span class='ocrx_word' id='word_1_342' title='bbox 693 4228 746 4266; x_wconf 86' lang='lat' dir='ltr'>nco</span> <span class='ocrx_word' id='word_1_343' title='bbox 771 4212 892 4284; x_wconf 72' lang='lat' dir='ltr'>Opllemc</span> <span class='ocrx_word' id='word_1_344' title='bbox 912 4214 1014 4284; x_wconf 79' lang='lat' dir='ltr'>proles.</span> 
     </span>
     <span class='ocr_line' id='line_1_40' title="bbox 227 4312 1365 4395; baseline 0.004 -22"><span class='ocrx_word' id='word_1_345' title='bbox 227 4314 393 4374; x_wconf 82' lang='lat' dir='ltr'>Eiiciendos</span> <span class='ocrx_word' id='word_1_346' title='bbox 415 4312 514 4372; x_wconf 88' lang='lat' dir='ltr'>censui</span> <span class='ocrx_word' id='word_1_347' title='bbox 536 4313 589 4370; x_wconf 88' lang='lat' dir='ltr'>bos</span> <span class='ocrx_word' id='word_1_348' title='bbox 612 4313 778 4372; x_wconf 86' lang='lat' dir='ltr'>versiculos</span> <span class='ocrx_word' id='word_1_349' title='bbox 800 4316 990 4394; x_wconf 87' lang='lat' dir='ltr'>rationesque</span> <span class='ocrx_word' id='word_1_350' title='bbox 1012 4317 1076 4376; x_wconf 87' lang='lat' dir='ltr'>eius</span> <span class='ocrx_word' id='word_1_351' title='bbox 1097 4315 1193 4374; x_wconf 85' lang='lat' dir='ltr'>iudicii</span> <span class='ocrx_word' id='word_1_352' title='bbox 1216 4315 1365 4395; x_wconf 80' lang='lat' dir='ltr'>explicavi</span> 
     </span>
    </p>
   </div>
   <div class='ocr_carea' id='block_1_14' title="bbox 0 0 1432 4817">
    <p class='ocr_par' dir='ltr' id='par_1_16' title="bbox 0 0 1432 4817">
     <span class='ocr_line' id='line_1_41' title="bbox 0 0 1432 4817; baseline 0 0"><span class='ocrx_word' id='word_1_353' title='bbox 0 0 1432 4817; x_wconf 95' lang='lat' dir='ltr'> </span> 
     </span>
    </p>
   </div>
  </div>
 </body>
</html>
