2842 4817
492 223 638 273 Lectiones
656 221 840 286 Vergilianas.
1191 225 1233 286 99

86 374 226 432 ιιώιιεωιιι
247 373 400 434 ediderunt
422 375 613 457 [ludewigius
636 385 667 437 et
690 374 850 456 llauptias3
882 381 914 433 et
935 373 1030 434 malim
1059 375 1122 455 ipse
1144 376 1231 436 maio·

88 495 149 534 mm
171 475 238 535 l1uic
260 475 380 536 lectioni
402 477 542 537 accedere
571 481 779 540 auctoritatem
802 501 821 538 a
842 477 1006 550 codicibus,
1040 499 1123 559 quam
1147 481 1232 541 unias

4 651 5 658 ἵ
89 581 252 640 Leidensis.
304 575 387 641 Nunc
421 583 576 662 acquiesco
604 584 632 642 in
656 585 899 664 interpretatione
928 581 963 641 ab
986 583 1099 659 lleynio
1128 604 1233 663 propo·

77 685 163 756 ·sita;
187 691 217 743 et
239 685 422 745 itamaros
444 691 529 745 nitra
550 689 683 748 cadomus
697 689 804 748 Latine
824 687 880 748 dici
897 707 954 746 non
970 687 1100 746 abnuunt
1121 689 1234 767 antiqui

4 783 5 800 ²
90 790 276 868 interpretes,
293 791 428 850 Servius:
453 797 544 864 „crin
560 795 634 852 mad.
652 796 796 863 animm,
818 793 925 852 crinem
943 800 1154 872 unguentatum
1169 792 1233 852 sub·

4 959 5 962 ¹
89 895 188 952 nixum
211 894 356 967 halens”;
379 895 495 955 additur
507 898 594 957 etiam
615 897 673 958 alia
696 895 874 979 explicatio:
898 897 978 968 „Aut
995 897 1138 968 sudamus,
1161 895 1232 956 fidu·

88 999 135 1057 cia
156 997 284 1070 elatas”,
307 1017 382 1077 qaae
404 1008 485 1058 certe
507 1000 612 1079 probat
627 1001 761 1060 rudaieas
777 1001 889 1081 legisse
904 1000 1047 1060 Servium.
1084 999 1232 1060 Donatus:

90 1103 198 1173 „mitra
219 1103 263 1162 illi
286 1109 317 1162 et
339 1099 518 1183 usquead
543 1112 702 1165 mentam
726 1107 821 1165 crines
845 1105 1005 1176 madentes,
1027 1111 1062 1163 ut
1087 1101 1233 1164 feminis'’.

177 1207 250 1266 Aen.
264 1211 294 1278 4,
311 1209 384 1268 435.
408 1209 571 1266 Extremam
588 1189 729 1268 lontano
744 1214 854 1267 renim
867 1243 908 1253 -
921 1212 1056 1268 mirerere
1068 1213 1177 1267 sororis
1195 1239 1233 1250 -ν

407 1316 495 1386 Quom
518 1317 586 1373 scidi
607 1333 669 1376 cun
694 1318 806 1374 dederis
830 1321 887 1374 cet.

62 1437 66 1444 ·
92 1435 148 1474 ora
169 1417 349 1476 scribendum
373 1439 439 1478 esse
466 1420 592 1480 coniecit
614 1420 805 1501 Ladewigius
835 1437 957 1499 eamque
986 1418 1182 1477 coniecturam
1207 1419 1235 1477 in

3 1501 4 1510 ἵ
92 1522 223 1581 ordinem
246 1515 367 1602 recepit.
412 1523 488 1582 Nihil
513 1523 606 1584 minus
630 1525 834 1583 necessarium.
891 1522 1000 1582 Vellem
1031 1521 1082 1580 Vir
1103 1522 1236 1582 doctissi-

93 1645 155 1685 mus
178 1627 282 1686 saltem
306 1636 375 1687 ante
396 1629 555 1700 docuisset,
578 1630 626 1709 qui
650 1630 691 1688 ita
715 1629 805 1687 locuti
829 1627 897 1699 sint,
928 1635 962 1685 nt
982 1630 1092 1683 asaiam
1114 1630 1185 1684 dore
1208 1628 1251 1686 id

93 1729 253 1811 significet,
278 1733 354 1812 quod
378 1733 440 1813 ipse
464 1734 619 1812 opinetur:
650 1735 746 1806 „hanc
772 1734 885 1793 veniam
908 1732 934 1792 si
957 1731 1024 1790 nihi
1047 1730 1082 1790 ab
1113 1731 1164 1790 illo
1188 1733 1235 1790 im·
1306 1778 1312 1785 .

93 1835 287 1914 petraveris”.

181 1942 252 2000 Aea.
260 1946 290 2013 4,
301 1943 375 2002 474.
400 1943 665 2002 losannensem
678 1945 762 2000 veluti
772 1943 1085 2016 demeascidetopmina
1095 1943 1234 2013 Ponticus,

395 2042 467 2106 471.
491 2049 546 2105 Aut
568 2051 802 2123 Agamemnonias
823 2046 939 2106 scaenis
961 2051 1082 2122 epitatus
1105 2051 1215 2106 werten

492 2155 639 2210 Armatam
658 2154 770 2225 sarman
792 2163 908 2209 nonem
999 2154 1236 2226 consopiente.

93 2253 198 2326 saenis,
229 2252 426 2313 coniecturam
450 2255 654 2327 llildebrandi,
690 2255 718 2314 in
747 2255 877 2315 ordinem
901 2255 1013 2335 recepit
1034 2249 1236 2335 Ladewigius.

91 2355 157 2413 Non
181 2352 285 2427 facile,
308 2366 398 2437 puto,
426 2360 555 2420 venisset
578 2360 709 2439 cuiquam
735 2359 762 2419 iu
787 2368 910 2418 meatem
933 2357 1114 2418 labefactare
1137 2359 1237 2418 lectio·

96 2479 160 2518 nem
193 2479 244 2538 per
271 2482 372 2521 omnes
395 2463 484 2522 libros
506 2473 720 2545 propagatam,
752 2463 806 2522 nisi
828 2462 1020 2522 Marklandas
1045 2464 1171 2543 primas,
1205 2473 1238 2523 ut

93 2565 190 2634 aiunt,
213 2562 320 2626 flnctus
341 2567 368 2624 in
388 2567 512 2646 simpulo
529 2569 700 2628 excitasset.
748 2567 821 2626 lllad
834 2567 926 2646 ipsam
948 2572 1038 2624 sacam
1061 2567 1157 2626 statim
1182 2568 1237 2626 dis·

95 2669 214 2749 plicelsit
237 2669 349 2751 legenti
374 2679 407 2730 at
428 2692 529 2751 parum
551 2681 622 2752 apto
651 2673 719 2733 loco
743 2674 878 2751 positum.
933 2672 991 2730 Sed
1021 2672 1088 2751 quid
1122 2671 1238 2731 tandem

0 2822 1 2831 ,
94 2774 170 2833 adeo
191 2775 343 2834 molestam
361 2784 408 2836 est
429 2782 547 2852 scaenis,
575 2797 636 2837 cum
654 2779 696 2836 rei
716 2778 744 2837 ia
768 2777 882 2836 scaenis
898 2785 1139 2856 repraesentatae
1162 2797 1237 2837 mea·

95 2880 206 2938 tionem
229 2889 318 2959 poeta
347 2882 431 2940 modo
459 2880 583 2954 fecerit,
614 2881 738 2942 Penthei
766 2881 831 2941 dico
865 2881 1052 2955 insanientis3
1087 2901 1150 2940 nam
1175 2883 1237 2961 ipse

95 2985 246 3067 Vergilius
269 2985 364 3046 voluit
394 3007 448 3046 nos
478 2989 513 3048 de
536 2989 668 3048 Pentheo
692 3007 710 3047 a
742 2985 867 3069 tragicis
898 2987 1041 3066 producto
1069 2988 1236 3059 admouere,

93 3107 160 3150 cum
183 3091 254 3150 dicit
275 3094 357 3166 uidet,
381 3112 438 3151 non
461 3097 547 3165 sidit,
569 3094 624 3153 hoc
647 3101 761 3173 tempus
776 3092 913 3153 convenit
928 3092 1038 3169 mytho,
1061 3091 1132 3150 illud
1157 3111 1237 3150 scae·

92 3196 162 3254 uico
185 3195 367 3274 spectaculo.

184 3301 257 3359 dan.
282 3303 311 3371 4,
334 3301 409 3360 587.
448 3301 534 3386 ¹l'ids't
554 3310 581 3358 et
602 3300 737 3380 aequatis
761 3301 875 3358 classem
895 3292 1053 3373 procedere
1074 3301 1150 3357 nelis.

94 3404 257 3485 Amplexus
286 3413 333 3464 est
356 3405 546 3486 ludewigius
577 3407 774 3466 coniecturam
801 3406 834 3465 C.
857 3405 908 3463 Fr.
931 3403 1161 3477 Hermanni,
1190 3425 1237 3466 cu·

71 3505 143 3570 'ias
174 3511 296 3569 hominis
325 3517 356 3568 et
385 3509 420 3569 ab
450 3510 561 3590 ingenii
591 3511 790 3590 solertiaeque
819 3518 849 3569 et
880 3529 898 3568 a
923 3529 1032 3567 morum
1056 3510 1238 3570 eruditionis-

96 3637 156 3698 que
189 3617 275 3677 laude
305 3618 396 3698 longe
427 3617 620 3689 ornatissimi,
660 3625 847 3696 praematura
876 3622 971 3674 morte
1000 3614 1094 3674 literis
1128 3615 1238 3673 nostris

96 3722 204 3801 erepti,
227 3742 285 3781 non
309 3722 372 3781 sine
395 3722 581 3781 acerbissimo
605 3722 709 3786 dolore
733 3720 856 3779 memini.
900 3721 928 3778 ls
950 3719 1110 3800 Vergilium
1133 3737 1240 3794 arquo-

96 3832 134 3886 ts's
156 3825 310 3904 scripsisse
333 3826 475 3896 coniecit3
510 3826 596 3885 docte
626 3833 752 3886 sancet
776 3824 945 3905 ingeniose;
983 3843 1080 3883 verum
1104 3842 1168 3881 cum
1191 3841 1240 3880 nc·
1289 3882 1301 3895 ,Ι

97 3933 190 4006 nands
211 3931 277 3987 celis
300 3930 449 3992 commode
480 3929 622 4008 explicari
654 3930 765 4008 possit,
798 3948 856 3988 non
888 3927 981 3986 audeo
1010 3928 1132 3987 omnium
1163 3928 1239 3986 codi·
1285 3909 1289 3916 ¹

99 4053 167 4094 cum
189 4034 362 4114 scripturam
387 4041 582 4100 contemnere.

189 4139 261 4198 Aen.
285 4142 315 4210 5,
341 4141 411 4198 139.
455 4141 503 4197 ali
528 4143 607 4197 clara
632 4141 709 4196 dedit
730 4142 849 4197 sonitum
871 4138 944 4209 tuto,
967 4133 1071 4194 finibus
1094 4151 1187 4192 omnes

458 4246 612 4302 Prosiluere
635 4247 699 4301 sais.

99 4349 211 4409 sedilus
230 4346 421 4428 Ladewigias
444 4369 460 4407 e
483 4349 652 4407 coniectura
669 4345 881 4424 Peerlkampii3
903 4344 1004 4416 finitae
1026 4342 1134 4402 retinet
1147 4343 1242 4424 Haup-

956 4457 996 4515 ⁷*
