2842 4817
231 199 270 262 76
662 201 780 268 Philippi
798 203 935 269 Wagner-i

227 356 328 415 Heleni
350 357 438 418 sociis
461 356 489 414 in
512 351 676 414 memoriam
707 375 847 415 revocare
877 364 1028 435 putemus,
1067 357 1197 415 scilicet
1214 373 1272 433 quo
1305 355 1363 412 ista

228 470 333 518 cortun
357 504 365 519 .
390 503 397 520 .
421 503 430 519 .
450 469 530 519 retro
553 459 734 540 itaintelligi
757 460 882 540 possint,
905 461 1049 541 quomodo
1072 461 1199 540 intelligi
1222 459 1285 519 vult
1307 459 1364 516 La·

222 563 391 645 'dewiginsr
415 564 680 644 „pervicaciter
702 563 799 622 socii
816 558 903 624 ¹retro
918 564 1096 624 daotvelu”.
1141 564 1201 622 Sed
1223 564 1281 623 ista
1304 562 1365 620 uni·

226 687 311 730 verse
333 668 411 726 dicta
434 688 490 729 non
514 667 602 726 aliter
631 667 685 726 nisi
712 668 848 728 universe
877 669 958 727 dicta
987 669 1079 747 accipi
1112 674 1252 748 possunts
1283 666 1362 745 quod

227 773 252 831 si
275 779 363 851 poeta
386 773 451 842 boc',
471 771 551 850 quod
575 771 638 831 vult
660 771 862 850 Ladewigius,
885 772 1066 831 subindicare
1087 771 1198 840 voluit,
1222 770 1365 849 peccavit,

226 877 295 954 quia
317 896 351 936 ea
374 875 541 959 verbanno
571 883 640 934 sont
670 876 712 934 ita
735 888 921 955 comparata,
952 885 985 935 ut
1015 876 1042 934 id
1072 875 1254 955 subintelligi
1282 887 1365 933 recte

226 981 329 1060 possit.
374 981 454 1038 'l'um
477 980 613 1041 vitiosum
637 989 683 1039 est
707 980 794 1050 illud,
824 981 930 1060 qnippe
953 981 1037 1039 nimis
1059 980 1234 1060 ambiguum,
1257 990 1364 1037 cumn

225 1095 266 1142 cst
287 1087 358 1142 dore
379 1087 465 1143 linteo
486 1094 582 1156 retro,
615 1092 689 1164 quae
711 1085 801 1145 verba
823 1094 879 1162 noun
902 1083 991 1143 facile
1013 1092 1136 1163 apparet
1157 1083 1365 1164 significentne

109 1237 111 1240 .
225 1188 265 1258 id,
288 1188 363 1268 quod
387 1175 692 1268 putat-Ladewigius,
716 1197 817 1259 „stat
839 1189 909 1248 dare
932 1189 1022 1248 linteo
1043 1188 1156 1258 ratro”,
1177 1207 1215 1246 an
1239 1188 1365 1259 „dubi-

226 1293 304 1352 tnri
336 1313 404 1352 non
435 1299 561 1372 potest
595 1293 703 1372 qnin”
734 1303 785 1352 cet.
836 1294 895 1351 Sed
923 1294 996 1352 baec
1025 1293 1136 1354 leviora
1157 1301 1235 1354 sunt.
1280 1293 1365 1352 Nunc

225 1397 281 1455 'l'u
304 1397 370 1456 mibi
392 1397 557 1468 considera,
580 1397 773 1469 Anthoni,
807 1387 992 1478 praeceptum
1023 1398 1115 1476 ipsum
1138 1397 1252 1467 Heleni,
1284 1397 1364 1476 quod
1414 1428 1416 1473 ff

224 1502 443 1582 simplicissimis
467 1501 561 1580 verbis
584 1501 753 1560 continetur
774 1520 818 1560 rs.
841 1503 921 1560 413:
953 1502 1108 1572 „dextrum
1137 1500 1211 1578 fuge
1239 1500 1312 1559 litus
1335 1510 1365 1559 et
1414 1478 1416 1537 l

224 1608 346 1667 uodas”.
399 1607 458 1694 ¹(lui
490 1607 605 1665 tandem
635 1607 791 1676 convenit,
814 1615 912 1666 testor
933 1607 1111 1688 elegantiam
1135 1607 1210 1678 Tui
1241 1600 1363 1685 ingenii,

224 1713 252 1772 in
276 1713 342 1772 sola
365 1711 640 1771 commemoratione
658 1711 721 1769 eius
738 1708 886 1790 praecepti
902 1720 1043 1771 remtam
1057 1712 1216 1790 simplicem
1238 1730 1365 1774 onerare

1413 851 1416 894 l

224 1817 333 1876 talium·
348 1818 500 1898 ambagum
524 1817 641 1899 ineptiis
664 1826 782 1896 tamque
804 1817 881 1875 inani
911 1817 1063 1876 verborum
1092 1812 1233 1895 strepitu!
1276 1803 1364 1875 Deni-

223 1941 280 2001 que
302 1922 470 1981 consideres
503 1921 587 1982 velim
616 1941 729 1980 omnem
759 1922 903 1980 orationis
932 1930 1063 1980 tenorem
1086 1921 1152 1980 inde
1174 1941 1193 1979 a
1214 1941 1257 1981 vs.
1281 1923 1364 1980 666:

225 2026 322 2097 „Nor
345 2024 448 2106 fugam
470 2025 630 2094 celerare'’,
662 2025 725 2084 668
749 2025 989 2096 „Verrimus’',
1025 2028 1088 2084 677
1112 2025 1363 2096 „Cernimus’'.

134 2163 136 2168 ·
222 2129 346 2196 Quinam
369 2137 438 2188 sunt
460 2130 564 2209 igitur,
588 2148 662 2207 qnos
685 2131 811 2189 veona
835 2129 1028 2208 „praecipites
1048 2137 1141 2188 metus
1162 2148 1233 2188 acer
1253 2129 1363 2208 agit'''l

225 2235 288 2293 siue
309 2233 394 2292 dnbio
419 2254 477 2291 non
498 2217 562 2306 alii,
586 2251 669 2312 qnam
694 2234 743 2312 qui
765 2239 835 2291 ante
857 2234 1075 2292 commemorati
1096 2241 1175 2304 sunt,
1196 2234 1277 2291 Nos.
1323 2233 1364 2291 At

221 2345 342 2416 repente
365 2336 482 2396 aberrat
505 2356 523 2395 a
544 2337 698 2416 proposito
715 2336 812 2395 oratio
826 2336 862 2397 ad
878 2336 965 2397 rerba
979 2338 1029 2408 „ni
1055 2343 1201 2396 teneant
1223 2337 1363 2395 cnrsns”.
1414 2378 1416 2464 p

223 2443 329 2501 Socios
351 2429 502 2520 significat
525 2448 624 2519 poeta,
648 2446 690 2498 ait
712 2440 919 2521 Lndcwigius3
948 2461 1007 2519 ego
1031 2461 1089 2499 non
1111 2449 1275 2520 poetam,
1309 2443 1361 2501 sed
1414 2468 1416 2517 p

118 2566 120 2569 ·
224 2547 385 2627 imperitum
413 2545 538 2624 aliquem
565 2542 796 2606 versificatore·
819 2547 846 2604 id
868 2545 968 2605 facere
991 2546 1226 2606 existimaverim.
1258 2540 1362 2606 'Nulla

179 2655 180 2658 ’
222 2651 303 2712 facta
323 2659 370 2710 est
391 2651 419 2709 io
444 2651 520 2709 omni
543 2650 594 2708 illa
610 2650 778 2716 comotione
799 2651 906 2710 mentio
926 2651 1081 2729 peculiaris
1094 2651 1250 2720 sociorum,
1275 2670 1363 2731 quae,

222 2759 247 2815 si
270 2755 312 2816 illi
327 2763 432 2821 contro
452 2755 632 2815 voluntatem
648 2756 730 2814 ducis
742 2754 894 2826 fecissent,
918 2755 1096 2815 nullomodo
1119 2753 1178 2814 tuit
1190 2757 1363 2818 omittenda.

221 2865 364 2932 Fateberc
388 2883 461 2944 ergo
485 2883 605 2946 mecum,
630 2863 798 2934 bothoni,
821 2863 847 2921 si
869 2870 917 2922 tot
930 2871 1088 2942 tantaeque
1110 2883 1158 2922 res
1173 2871 1363 2936 concurrant,

90 2947 91 2950 Ἴ
156 3027 158 3032 ,
222 2988 296 3049 qnae
310 2967 440 3027 fraudem
455 2974 630 3049 coarguant,
655 2968 724 3026 nibil
739 2976 864 3038 restare,
887 2967 942 3025 nisi
954 2954 986 3025 ot
996 2965 1127 3025 fraudem
1142 2966 1250 3026 factam
1268 2988 1364 3048 ugno-

101 3130 103 3134 ,
225 3094 291 3134 scas
313 3081 364 3133 aut
379 3083 488 3132 'versus
512 3074 586 3149 istos
610 3071 805 3148 incredibilem
832 3072 861 3129 in
884 3072 997 3130 modum
1020 3079 1175 3151 corruptor
1205 3093 1272 3153 esse
1302 3080 1363 3132 sta·
1413 3048 1416 3173 l

221 3186 297 3243 tuas.
343 3176 417 3235 lllnd
440 3177 488 3236 vix
513 3181 656 3258 estquod
680 3180 802 3250 addam,
826 3179 900 3248 (etsi
919 3179 948 3237 id
970 3197 1086 3259 quoque
1109 3180 1137 3237 in
1160 3177 1302 3236 eiusmodi
1326 3199 1360 3237 re

107 3311 108 3314 ¹
221 3283 276 3343 vim
305 3281 469 3362 argumenti
498 3282 604 3356 babet)
628 3282 770 3343 detractis
798 3284 841 3342 bis
872 3283 1002 3352 versibus
1032 3284 1100 3341 nibil
1130 3283 1291 3341 desiderari
1325 3285 1363 3341 ad

221 3387 311 3466 ipsius
321 3385 497 3445 narrationis
507 3386 718 3467 integritatem.
741 3387 885 3466 Quidquid
900 3395 1072 3464 temptatum
1088 3394 1134 3446 est
1148 3386 1182 3445 ab
1196 3389 1363 3467 interpreti-

85 3493 87 3496 ’
177 3552 179 3556 ,
220 3491 272 3550 bus
295 3491 330 3550 ad
359 3490 565 3549 enucleandam
597 3492 772 3550 sententiam
802 3480 909 3549 borum
933 3509 1084 3560 versuum,
1115 3491 1183 3548 nibil
1212 3492 1363 3550 inventu·

221 3603 277 3666 est,
301 3594 377 3674 quod
400 3581 518 3673 dignum
535 3595 574 3653 sit
591 3592 761 3677 Vergiliana
777 3595 964 3674 simplicitate
976 3603 1065 3674 atque
1081 3596 1242 3675 elegantia.
1275 3595 1363 3657 Novo
1414 3650 1416 3667 ,

209 3689 386 3758 madorem
411 3699 548 3778 expedire
575 3707 698 3759 conotus
726 3707 772 3759 est
794 3701 1138 3760 llaeclsermannus
1172 3700 1200 3757 in
1230 3699 1363 3759 bliitze.
1414 3684 1415 3731 l

219 3805 259 3863 lii
282 3806 435 3876 zeitschrift
453 3808 503 3876 [ἅν
525 3807 575 3886 das
596 3808 839 3878 ppmnass'olsoesen
864 3807 958 3876 1853,
981 3807 1051 3885 pag.
1067 3809 1108 3864 88
1123 3826 1166 3885 sq.
1211 3805 1269 3864 Sed
1286 3825 1364 3884 quae

170 3909 172 3912 ’
218 3906 256 3965 ibi
284 3907 401 3985 scripsit
424 3907 468 3965 vir
498 3906 701 3983 doctissimus,
726 3927 788 3978 ea,
819 3916 853 3967 nt
883 3909 973 3967 multa
1002 3909 1037 3966 ab
1067 3909 1132 3968 aliis
1162 3904 1364 3989 grammaticis

219 4011 308 4072 variis
332 4011 367 4068 de
390 4010 533 4069 rebusad
558 4010 721 4092 Vergilium
740 4013 939 4091 spectantibus
961 4013 1125 4092 disputata,
1148 4012 1279 4073 fortasse
1301 4014 1362 4074 alio

219 4122 350 4193 tempore
374 4115 499 4194 locoque
521 4123 661 4173 excutere
684 4115 791 4175 licebit.
926 4179 929 4182 ,
1113 4122 1115 4127 ’

305 4219 377 4276 Aen.
401 4221 430 4289 3,
454 4220 516 4278 690
539 4239 583 4297 sq.
631 4221 919 4296 llutio'monstrntot
947 4223 1074 4294 retcpeos
1096 4232 1360 4282 oretanum-sos

635 4326 732 4380 Litora
756 4326 970 4393 Antamonides,
1000 4343 1091 4382 comcs
1112 4329 1235 4398 infelicis
1257 4329 1360 4407 ubesq
