2842 4817
504 171 648 222 neurim.
668 170 851 237 Vergilium.
1182 171 1245 236 {2'1

19 343 20 390 3
102 323 200 403 iungi,
225 343 299 403 quae
321 343 381 404 ego
402 323 609 403 coniungenda
631 341 756 396 museo,
785 324 832 382 ills
852 318 962 398 quide·
984 325 1038 384 loe
1058 327 1186 398 rapiens,
1216 333 1247 384 et

19 409 20 488 l
97 447 219 507 prorsus
238 430 337 500 eodem
353 428 438 487 modo
454 428 570 487 locotus
585 435 633 488 est
649 436 739 506 poeta
756 430 805 500 to,
818 430 880 488 385
905 449 1010 509 „quem
1033 450 1090 490 aon
1109 449 1245 508 superoc-

98 541 190 612 cupat
212 533 322 605 Hisbo,
345 532 417 600 llle
439 533 587 611 quidem
611 530 680 592 boe
703 528 897 614 speraos”.
932 534 976 594 lle
996 555 1035 594 eo
1057 542 1152 595 auteur
1178 554 1247 606 usu

99 637 314 710 Homerico,
337 657 421 716 quam
444 636 634 717 ludewigius
657 645 688 696 et
710 638 740 696 b.
763 638 783 698 l.
804 645 835 698 et
855 641 963 710 mum
988 639 1121 719 attingit,
1144 639 1247 698 vellem

19 777 21 848 p
101 741 193 802 latius
216 744 421 822 exposuissem
446 742 512 801 milri
536 740 650 821 quidem
674 761 833 820 pronomen
855 745 903 800 ille
923 762 988 804 cum
1012 743 1165 824 participio
1189 739 1247 822 lp-

106 849 237 928 φατικῶς
259 849 386 908 iunctum
411 867 448 906 ex
472 847 564 906 media
586 847 735 906 latinitate
758 846 921 928 profectum
944 847 1068 908 videtur.

192 952 265 1012 Aeo.
294 953 439 1023 ¹1,5aa.
624 951 739 1011 basta·
759 969 823 1013 cam
846 953 962 1033 virgine
985 953 1082 1012 victor

435 1055 593 1114 Gramineo
624 1055 730 1112 donum
754 1055 879 1115 Triviae
900 1057 937 1114 de
959 1057 1090 1135 caespite
1111 1052 1204 1114 vellit.

187 1159 280 1218 Recte
300 1157 413 1238 quidem
437 1159 679 1238 Peerlkampius:
724 1159 852 1231 „Melino
883 1160 1052 1242 distingne:
1087 1162 1248 1229 Gramion,

97 1267 201 1322 donum
225 1266 348 1335 Tricies,
371 1267 406 1322 de
429 1283 453 1322 c.
477 1283 503 1324 n.
549 1266 580 1323 ln
614 1265 700 1324 basta
730 1284 791 1322 coer
814 1267 925 1340 cirpine
945 1265 1075 1345 inprimis
1096 1266 1178 1340 sirpo
1199 1283 1246 1322 co·

95 1369 228 1449 gitatur,
260 1369 345 1453 quasi
374 1369 527 1447 legeretur
554 1372 635 1444 sirpo
666 1387 728 1427 cum
768 1372 856 1428 torm
908 1370 1025 1450 Virgo
1053 1377 1119 1428 erat
1139 1369 1243 1427 donum

96 1473 236 1546 Triviae,
268 1493 351 1553 quam
374 1473 469 1533 Diana
499 1483 644 1535 servatam
675 1475 752 1555 patri
784 1475 933 1534 donamet.
978 1475 1017 1532 llt
1040 1474 1083 1533 sic
1105 1474 1241 1532 llurmao·

95 1597 163 1636 num
186 1579 335 1658 accepisse
357 1597 433 1638 nune
456 1579 550 1640 video.
602 1579 733 1656 lleynins
761 1579 854 1638 minus
885 1586 966 1638 recte
989 1582 1091 1637 dom
1113 1596 1151 1640 ex
1173 1586 1244 1637 voto

96 1681 221 1744 Triviae
244 1683 405 1764 explieat.”
450 1683 508 1742 Sed
539 1691 635 1742 tamen
666 1702 702 1742 ea
724 1682 980 1762 interpunctione,
1010 1685 1124 1753 adscita
1151 1683 1247 1742 aba·

95 1787 226 1869 dewigio
249 1798 281 1848 et
302 1789 448 1868 llauptio‚
473 1808 528 1848 noo
549 1788 740 1868 prohibetor,
774 1809 809 1848 ne
833 1789 897 1869 quis
920 1789 1043 1851 Triviae
1066 1789 1170 1848 donam
1204 1788 1246 1847 ita

99 1893 267 1973 intelligat,
299 1900 333 1952 ut
362 1893 510 1953 intellexit
532 1893 676 1971 lleynius3
710 1912 898 1973 quamquam,
922 1893 971 1974 qui
994 1894 1135 1975 vulgares
1158 1913 1245 1972 appo·

96 1998 221 2056 sitiones
245 1998 332 2057 nullis
355 1997 506 2058 commatis
529 2017 547 2056 a
569 1997 683 2077 reliqua
706 1999 842 2057 oratione
865 2007 1021 2078 separent,
1044 1997 1247 2080 perspicuitati

99 2101 251 2174 servient,
273 2102 297 2160 si
320 2102 363 2161 ita
385 2101 630 2181 interposuerint.

523 2335 812 2350 W

184 2511 288 2583 Vides,
317 2509 557 2569 amicissime
590 2507 775 2578 bothoni,
805 2508 922 2568 multam
953 2507 999 2567 bic
1027 2508 1161 2568 crambes
1192 2510 1244 2570 ite·

95 2635 158 2675 rom
182 2615 248 2673 mibi
272 2615 451 2695 coquendam
472 2612 581 2686 fuisse3
614 2613 665 2671 sed
688 2631 747 2691 quo
770 2612 816 2672 vel
839 2612 881 2671 bis
903 2620 990 2672 cocta
1014 2633 1071 2672 oon
1093 2613 1243 2673 amitteret

95 2739 230 2801 soporem
255 2719 439 2799 taediumque
462 2725 588 2798 pareret,
611 2717 722 2788 curavi,
746 2724 883 2797 quantum
907 2718 1000 2795 potui,
1023 2725 1057 2776 ut
1079 2718 1146 2777 noui
1171 2718 1243 2779 salis

95 2827 171 2885 mica
192 2825 369 2884 condiretur.
427 2823 500 2888 uuis
523 2830 619 2881 autem
643 2821 732 2900 paulo
755 2820 939 2881 tolerabilior
970 2821 1057 2880 bomo
1081 2841 1137 2882 nun
1161 2823 1243 2881 malit

97 2949 170 2992 vera
190 2928 302 3000 dicere,
334 2945 419 3007 qnam
448 2923 548 2985 falsat
592 2925 724 2996 Tamen,
752 2943 827 3003 quae
856 2931 904 2983 est
925 2923 1109 2984 imbecillitas
1138 2927 1243 2985 mentis

100 3035 260 3104 humanae,
283 3051 388 3112 saepe,
411 3030 487 3110 quod
511 3029 577 3088 eliis
600 3029 717 3100 accidit,
735 3028 803 3086 mibi
827 3047 943 3130 quoque
964 3029 1096 3090 accidere
1119 3031 1242 3103 memini,

98 3147 148 3210 ot,
172 3139 236 3202 dum
259 3136 412 3198 verissima
434 3135 578 3194 disserere
602 3113 668 3192 mibi
691 3134 813 3204 videor,
844 3134 873 3192 in
905 3153 1030 3215 magnos
1052 3154 1169 3194 amores
1192 3136 1240 3194 im·

99 3245 232 3325 plicerer.
279 3243 379 3309 Quare
401 3239 575 3321 gratulabor
599 3239 682 3310 mihi,
714 3239 739 3298 si
768 3238 805 3297 de
828 3240 938 3300 maiore
959 3239 1064 3298 saltem
1087 3247 1171 3319 parte
1192 3260 1239 3300 eo-

97 3367 177 3419 rum,
201 3364 276 3428 quae
299 3344 459 3424 disputavi,
483 3343 571 3402 Tibi
595 3362 781 3422 persuasero.

183 3452 261 3511 [leus
284 3471 346 3510 sum
368 3450 397 3508 in
421 3450 475 3508 bac
498 3447 624 3528 epistola
639 3447 749 3506 Latino
770 3465 915 3518 sermone,
939 3447 988 3526 qui
1003 3448 1071 3507 olim
1090 3468 1240 3510 commune

96 3556 220 3619 literarii
242 3554 404 3616 commercii
427 3554 571 3614 vinculum
594 3551 754 3612 habebatur
782 3559 814 3612 et
841 3551 869 3610 in
893 3571 951 3631 quo
973 3554 1075 3614 melius
1098 3555 1156 3613 Te
1179 3574 1240 3615 ver·

97 3671 193 3723 satum
217 3660 435 3733 existimabam,
468 3680 552 3741 quam
577 3660 605 3718 in
629 3647 819 3728 Gemanica,
845 3657 915 3716 nibil
945 3659 1091 3719 reveritus
1113 3679 1238 3738 quorun·

102 3769 182 3838 dam,
199 3765 255 3846 »qui
279 3785 370 3843 nuper
391 3765 582 3834 exstiterunt,
606 3765 739 3823 iuvenum
762 3761 933 3832 calumnias,
954 3762 1003 3840 qui
1026 3761 1111 3822 bodie
1133 3763 1239 3823 Latine

97 3871 235 3940 scribant,
258 3890 310 3928 eos
334 3869 403 3927 nihil
427 3869 564 3928 exhibere
586 3867 639 3927 sibi
662 3866 753 3927 videri
776 3865 982 3936 dictitantium,
1004 3866 1060 3926 nisi
1081 3867 1237 3945 specimina

97 3976 237 4056 quaedam
260 3973 446 4033 scholastica.
491 3973 557 4031 Sint
578 3971 639 4042 illa,
663 3970 801 4050 quidquid
824 3969 872 4029 isti
895 3968 1008 4040 volunt,
1031 3971 1096 4029 dum
1120 3991 1156 4029 ne
1178 3972 1238 4030 sint

99 4080 252 4140 sollertiae
274 4078 484 4157 doctrinaeque
506 4073 657 4157 expertia3
681 4084 733 4134 aut
754 4075 809 4153 ipsi
832 4069 954 4144 faciant,
977 4073 1002 4131 si
1026 4083 1160 4153 possunt,
1181 4095 1237 4134 me·
1305 4125 1310 4136 .

19 4219 24 4249 υ
97 4187 183 4246 liora.
230 4183 295 4242 urit
315 4190 412 4242 autem
435 4183 546 4252 Tibi,
570 4178 920 4261 optimellutbooi,
941 4178 1138 4251 satisfactum,
1160 4181 1185 4239 i
1209 4181 1237 4239 in

96 4291 149 4350 toli
173 4309 283 4373 genere
303 4286 491 4368 scriptionis,
524 4285 600 4366 quod
624 4283 775 4344 brevitatis
805 4302 894 4342 causa
917 4283 1005 4343 etiam
1027 4285 1166 4364 quaedam
1190 4286 1237 4345 ad·
