2842 4817
215 197 258 258 98
648 192 770 259 Philippi
790 193 925 258 Wagneri

344 346 498 408 Tarbsbst
518 346 622 418 caelo,
645 363 723 406 nnnc
746 353 842 407 terras
866 343 968 407 ordine
988 345 1085 425 longo

295 521 298 530 Ι
346 451 405 510 Aut
427 470 533 532 capere
553 457 605 510 aut
628 459 732 532 cnptns
755 450 811 511 iam
833 449 1006 530 despectare
1030 449 1177 518 videntur:

347 553 431 616 llsud
452 554 540 614 aliter
561 565 614 614 cst.

219 661 285 728 Qua
307 660 336 720 in
359 645 398 720 re¹
413 659 590 721 desiderabis
613 677 739 728 necrus,
772 654 950 726 Anthoni,
981 654 1116 716 iudicium
1145 656 1272 736 ⁸bominis
1300 656 1359 716 cle·

218 763 394 847 gantissinri.
453 763 580 823 Primum
611 761 802 844 transpositis
831 762 873 822 ite
902 762 948 822 bis
977 763 1108 823 versibus
1139 782 1196 824 non
1226 771 1361 841 apparet,

219 889 310 950 quare
333 868 512 949 potissimum
536 869 731 930 laetantes
754 866 904 949 agmine
926 867 1062 926 dicantur
1087 867 1138 926 isti
1159 866 1261 944 cycni3
1283 867 1362 925 adie-

219 975 260 1036 cit
283 975 338 1035 boc
361 981 466 1053 poeta,
489 973 558 1053 quia
580 975 680 1034 statim
703 982 769 1037 erat
791 971 923 1032 dicturus
945 992 1052 1052 agmen
1076 973 1147 1032 illud
1174 971 1362 1032 disturba-

221 1087 291 1138 tum
304 1071 383 1138 'esse
405 1078 441 1138 nb
462 1079 579 1158 equile,
610 1079 710 1160 itaque
732 1078 831 1140 versui
855 1079 917 1138 393
940 1078 966 1136 is
988 1078 1186 1138 subiiciendus·
1210 1075 1286 1148 fuit,
1313 1077 1364 1156 qui

222 1191 341 1242 servato
366 1182 488 1261 pristino
512 1182 614 1242 ordine
629 1167 708 1242 illuns
728 1183 837 1262 excipit
856 1184 1010 1254 „Astbmo
1022 1203 1089 1258 quos
1103 1181 1364 1258 inpscplnyn’30et.

222 1287 333 1346 Deinde
356 1286 397 1345 illi
420 1287 503 1364 cycni
527 1287 682 1348 reduces
705 1288 912 1368 appellantur,
935 1296 1090 1367 antequem
1115 1288 1221 1358 locum,
1243 1287 1290 1345 ubi
1314 1306 1365 1345 an·

222 1397 270 1450 teo
292 1388 423 1461 fuerunt,
446 1409 498 1450 eos
521 1390 687 1452 deseruisse
711 1392 851 1453 norimus.
897 1392 976 1450 Tum
999 1393 1143 1471 lnngnent
1165 1393 1224 1452 ista
1246 1393 1365 1462 „Aetbe-

222 1499 271 1553 ric
291 1514 358 1570 quos
380 1498 458 1569 tapso
478 1498 565 1571 pinpo
590 1540 595 1552 .
621 1539 628 1554 .
652 1539 658 1554 .
682 1497 793 1567 coclo”,
816 1504 849 1556 ut
871 1499 1082 1568 necessarium,
1114 1517 1172 1577 quo
1194 1504 1276 1558 stare
1297 1518 1366 1576 pos·

224 1600 282 1658 sint
309 1599 367 1658 bini
398 1619 501 1662 versus
532 1601 721 1680 praegressi,
753 1601 795 1659 ita
825 1620 920 1661 serum
953 1591 1155 1660 adminiculum
1185 1601 1367 1681 praebentia.

224 1704 359 1784 Denique
382 1705 408 1764 si
430 1705 472 1763 illi
495 1707 662 1766 reduces
685 1715 768 1776 suot,
793 1727 850 1764 non
873 1715 1061 1768 revertuntur
1083 1708 1212 1778 demum,
1234 1707 1286 1766 sed
1308 1707 1367 1766 ianr

223 1816 426 1879 reverterunt,
449 1808 495 1867 cui
524 1810 567 1868 rei
589 1810 784 1870 adversantur
813 1811 900 1870 verbe
925 1832 1001 1872 susc
1032 1823 1125 1870 terras
1153 1816 1254 1870 ordine
1282 1814 1370 1886 lonpo

155 1989 157 1993 ,
223 1923 274 1972 nat
294 1931 396 1988 capere
417 1923 467 1972 cut
488 1915 649 1988 despectare
671 1917 821 1986 sidentem
843 1935 907 1974 nam
932 1917 1025 1976 redux
1048 1938 1104 1976 non
1128 1891 1256 1996 estqui
1280 1917 1370 1974 redu-

225 2019 318 2089 citur,
350 2018 401 2078 sed
426 2019 473 2097 qui
497 2018 635 2076 reductus
660 2025 721 2089 est,
753 2037 805 2077 occ
834 2019 873 2078 dii
901 2022 1024 2082 reduces
1048 2018 1136 2092 sunt,
1171 2022 1220 2100 qui
1252 2018 1371 2079 faciunt

227 2125 338 2194 redire,
361 2123 412 2184 sed
436 2124 484 2202 qui
505 2123 600 2182 redire
623 2122 769 2184 fecerunt.

317 2229 351 2288 A.
375 2231 405 2299 2,
429 2229 502 2288 738.
676 2227 781 2288 fatone
804 2239 900 2304 erepta
923 2233 1028 2298 &soso

445 2333 569 2390 Substitit
589 2335 733 2390 monitos
753 2335 809 2390 nim

225 2440 288 2511 [oto
318 2447 359 2496 est
385 2456 401 2496 e
424 2436 595 2496 coniectura
624 2434 791 2516 (Dictscbio
820 2435 945 2515 probata
975 2456 1044 2517 pag.
1068 2433 1124 2512 ⁰23)
1158 2434 1372 2516 Peerlkampii,
1409 2444 1410 2501 Ϊ

230 2542 278 2622 qui
300 2549 396 2600 tamen
420 2541 447 2600 in
470 2541 598 2600 ordinem
622 2560 684 2600 enm
707 2541 838 2620 recipere
862 2563 919 2601 non
942 2550 989 2601 est
1013 2561 1113 2620 ausus,
1134 2541 1253 2621 scripsit
1276 2543 1371 2603 lode-
1409 2522 1410 2525 Ἴ

229 2649 347 2730 wigius.
406 2648 482 2706 Nihil
512 2669 548 2707 oo
576 2650 747 2709 coniectura
776 2669 867 2729 opus,
901 2659 934 2710 ut
965 2649 1110 2728 lleuptius
1140 2665 1257 2728 qunque
1287 2648 1372 2706 vidit.

230 2753 307 2812 llrdo
342 2751 493 2814 verborum
526 2760 586 2822 est,
620 2771 703 2831 quem
735 2754 789 2812 ianr
819 2754 958 2816 indicavit
986 2750 1242 2823 Servium-„foto
1265 2759 1373 2830 erepta

230 2857 340 2916 Creusa
362 2856 530 2916 substititne
546 2857 692 2917 erravitne
707 2857 785 2918 via”.
828 2859 998 2919 Particuloe
1019 2879 1055 2918 se
1077 2857 1218 2918 octenae
1233 2857 1373 2936 exempla

228 2969 303 3022 satis
326 2963 417 3022 multa
438 2964 559 3042 reperiri
583 2970 710 3030 constet.

316 3066 388 3127 Aen.
412 3068 442 3138 3,
466 3071 541 3128 545.
584 3070 620 3126 lit
641 3067 740 3148 capita
762 3077 827 3125 nate
849 3086 918 3126 oros
940 3069 1058 3142 Pbrppio
1080 3068 1204 3124 celamur
1225 3068 1342 3123 amictu.

228 3181 319 3245 caput,
348 3170 391 3231 uti
424 3171 577 3250 scripsisse
603 3171 762 3253 Vergilium
791 3171 958 3250 suspicatus
986 3189 1066 3230 crem
1095 3170 1124 3228 in
1148 3169 1233 3228 Vnrr.
1256 3168 1373 3239 Leett.,

229 3275 379 3354 probatum
401 3277 488 3336 etiam
510 3275 729 3356 Peerlkampio,
751 3277 870 3338 exhibet
889 3275 1087 3356 Ludewigius.
1133 3275 1214 3334 Nunc
1236 3268 1374 3352 equidem

230 3380 298 3438 nibil
322 3381 492 3442 movendum
516 3389 605 3460 puto,
635 3382 740 3462 purtim
764 3382 841 3462 quod
863 3402 964 3460 perum
987 3387 1122 3450 constat,
1152 3379 1220 3459 quid
1247 3379 1276 3436 in
1300 3397 1373 3458 quo·

229 3504 285 3564 que
306 3484 379 3544 libro
403 3486 431 3543 b.
454 3485 474 3545 l.
497 3485 634 3567 legatur,
658 3489 762 3566 purtim
786 3488 853 3566 quin
876 3492 1031 3563 capitulate,
1062 3484 1139 3565 quod
1160 3493 1208 3544 est
1227 3484 1259 3545 in
1281 3483 1374 3544 Medi·

228 3608 281 3648 ceo
305 3609 322 3648 e
345 3610 381 3648 or.
405 3610 447 3669 pr.
472 3591 606 3671 quodque
630 3592 658 3650 iu
676 3592 889 3672 antiquioribus
911 3612 947 3650 so
962 3590 1108 3654 codicibus
1129 3588 1223 3651 fnisse
1246 3589 1375 3661 videtur,

230 3695 374 3776 originem
397 3695 555 3762 variandae
577 3697 698 3757 lectioni
721 3698 836 3758 dedisse
858 3697 995 3758 erbitror.
1047 3695 1107 3756 Sed
1136 3695 1229 3774 ipsum
1245 3694 1311 3756 boc
1332 3696 1374 3756 ui·

211 3800 301 3858 'tium
322 3819 418 3859 veram
442 3801 609 3873 lectionem,
629 3802 664 3861 ab
688 3803 815 3882 llnuptio
838 3822 953 3883 quoque
975 3810 1129 3874 retentans,
1152 3800 1311 3861 ostendere
1334 3801 1375 3861 ri·

231 3905 330 3976 detur;
361 3924 424 3965 nato
456 3905 678 4000 cuanuinque
708 3907 822 3985 priores
844 3907 974 3985 syllabas
997 3906 1106 3966 librarii
1129 3925 1182 3985 per
1205 3906 1374 3966 socordiane

230 4029 283 4088 pro
307 4007 393 4069 verbo
417 4012 495 4082 cepit
515 4009 708 4088 accepissent,
731 4030 769 4069 ex
786 4016 880 4086 cupito
895 4023 961 4070 note
979 4011 1059 4070 nnsci
1072 4010 1169 4090 potuit
1186 4008 1267 4081 illud,
1291 4012 1374 4088 quod

230 4113 258 4170 in
281 4112 414 4172 Medieeo
437 4133 503 4172 esso
525 4112 659 4185 diximus,
682 4118 833 4188 copitonte.

316 4217 388 4275 Aen.
412 4223 449 4288 4,
474 4219 547 4276 217.
604 4221 734 4276 liaconis
763 4231 883 4280 meatum
912 4225 997 4280 mitro
1025 4224 1184 4294 missusque
1214 4220 1374 4276 studentem

601 4322 758 4382 Subnixus.
