2842 4817
219 195 261 256 96
659 197 779 264 l‘ltillppi
797 198 935 264 Wagner-i

220 347 290 427 cipit
309 348 464 408 blandities
488 350 716 430 magistriam,
739 357 874 420 utaote,
898 349 1101 410 reformidare.
1154 350 1278 430 Jamque
1299 350 1373 410 vide

222 451 288 510 niti
310 452 404 513 verbis
426 456 513 528 sm
534 455 605 512 bne
628 497 635 513 .
658 495 666 512 .
692 454 1075 514 animumanimum·
1116 486 1120 495 =

457 575 544 653 inque
567 575 657 634 vicem
684 575 736 636 det
758 574 894 634 mollibus
916 595 971 634 ore
992 575 1131 654 capistris

350 676 496 735 lovalidas
519 679 665 758 etiamque
687 687 826 750 tremens,
847 681 936 739 etiam
959 679 1069 737 inscius
1091 680 1171 750 aevia

222 819 297 879 quae
318 799 381 878 ipsa
404 817 452 856 ras
475 797 673 878 proficiscitur
694 798 729 858 ab
754 801 887 871 audacia,
909 819 966 858 non
989 821 1007 858 a
1030 801 1150 880 gaudio.

306 922 342 981 A.
369 926 396 993 l,
421 924 451 982 8.
497 942 550 998 qao
573 926 687 980 aoniae
710 921 804 981 laeso.

220 1065 273 1122 qao
295 1050 408 1104 suntne
430 1049 527 1103 laeso
551 1047 669 1126 scripsit
692 1047 894 1128 Ladewigius,
920 1045 1066 1127 quomodo
1090 1045 1251 1130 Vergilium
1276 1013 1372 1123 scrip·

221 1151 295 1210 sisse
319 1151 426 1230 primus
449 1152 575 1211 coniecit
598 1153 763 1232 Scioppius.
809 1153 848 1211 At
871 1172 923 1211 nec
948 1152 1140 1212 necessariam
1160 1137 1232 1210 'esse
1256 1170 1371 1208 mecum
1408 1196 1409 1201 ι

220 1254 378 1326 fateberis,
403 1255 466 1314 Vir
488 1257 602 1314 amici
613 1257 664 1315 ssi
677 1279 700 1314 m
711 1278 743 1327 e,
767 1259 840 1316 banc
863 1258 1071 1329 coniecturam,
1095 1276 1148 1315 nec
1174 1255 1372 1338 probabilem3

223 1381 280 1420 uon
304 1361 518 1432 necessariam,
542 1361 610 1440 quia
633 1362 720 1422 verba
743 1383 796 1438 quo
819 1358 935 1421 numine
955 1366 1048 1433 laeso,
1071 1381 1146 1442 quae
1169 1368 1216 1420 est
1238 1363 1372 1420 omnium

221 1465 356 1524 librorum
381 1465 488 1534 lectio,
511 1466 660 1524 commode
683 1467 824 1546 explicari
846 1477 989 1547 possunt3
1014 1488 1071 1525 uon
1089 1466 1274 1545 probabilem,
1298 1469 1373 1546 quia

221 1590 278 1628 noo
302 1578 348 1628 cat
371 1569 506 1628 credibile
528 1569 690 1630 faciliorem
716 1572 868 1631 lectionem
892 1576 968 1630 laeso
990 1593 1008 1630 a
1031 1572 1155 1630 librariis
1174 1571 1202 1629 in
1219 1569 1374 1630 difficilio-

221 1694 279 1733 rem
303 1676 377 1732 locm
401 1682 539 1732 mutatam
563 1695 639 1734 esse.
694 1676 870 1735 Vocabulum
892 1696 992 1734 namen
1014 1676 1050 1734 lit
1071 1697 1090 1735 a
1111 1696 1168 1734 sao
1190 1677 1374 1756 proprieque

223 1780 341 1859 ponitur
363 1779 391 1837 in
414 1799 446 1838 re
473 1779 688 1858 aliquovorsum
722 1800 754 1839 se
786 1781 963 1854 inclinante,
991 1793 1024 1840 ut
1047 1779 1121 1860 apud
1144 1779 1314 1839 Lucretium
1343 1786 1373 1852 4,

226 1887 285 1944 180
310 1883 407 1960 (179)
432 1890 463 1942 et
487 1886 517 1954 2,
540 1885 613 1956 632,
637 1885 720 1943 cuius
742 1886 830 1945 verba
853 1885 931 1946 infra
952 1887 1095 1946 adiiciam.
1142 1887 1274 1968 Utroque
1297 1887 1372 1947 loco

221 2008 322 2048 numen
344 2009 362 2048 a
384 1989 454 2049 viris
476 1987 571 2047 doctis
594 1996 735 2048 mutatum
759 1999 804 2049 est
827 1991 855 2049 in
877 2011 1003 2058 momenz
1028 1993 1133 2052 nollem
1156 1992 1277 2064 factum,
1301 2014 1370 2052 cum

222 2096 293 2154 baec
316 2096 434 2155 invicem
458 2113 491 2152 se
514 2101 653 2152 tueantur
675 2093 823 2173 ipsiusque
847 2095 930 2154 buius
952 2096 1085 2156 vocabuli
1107 2105 1211 2156 natura
1230 2098 1373 2157 obmittat

222 2200 311 2270 banc,
334 2218 417 2278 quam
441 2201 468 2262 ei
492 2200 576 2260 modo
606 2201 709 2272 tribui,
740 2197 995 2281 significationem.
1053 2202 1134 2287 „bt‚
1157 2202 1250 2282 inquit
1272 2202 1372 2262 Laeb-

222 2323 342 2363 mannus
372 2305 408 2362 ad
435 2304 552 2366 Lucrct.
579 2309 607 2378 2,
631 2309 705 2377 632,
736 2306 803 2385 quid
833 2305 873 2364 sit
900 2323 1019 2377 numen,
1050 2307 1137 2367 docet
1167 2308 1259 2368 Varro
1289 2309 1312 2368 l.
1340 2313 1371 2369 7.
1408 2316 1409 2323 ’

222 2429 250 2488 p.
275 2411 357 2468 363:
389 2409 498 2470 Numen
526 2411 625 2469 dicuat
653 2429 719 2470 esse
747 2410 913 2490 imperium,
947 2411 1053 2470 dictum
1084 2412 1227 2471 anutu”.
1272 2412 1372 2472 liuius

223 2512 277 2574 viri
301 2520 384 2571 tanta
406 2523 452 2573 est
475 2515 578 2573 merito
609 2515 684 2593 apud
720 2535 763 2574 me
794 2515 975 2587 auctoritas,
1008 2525 1041 2575 ut
1070 2537 1163 2597 prope
1192 2517 1301 2577 invitus
1333 2519 1371 2578 ab

222 2617 284 2676 eius
314 2617 461 2677 sententia
492 2618 646 2678 discedam.
701 2619 760 2678 Sed
791 2627 885 2680 tamen
918 2620 1004 2680 velim
1036 2621 1190 2692 attendas,
1222 2622 1372 2704 optime

223 2722 405 2794 Aotboai,
444 2723 494 2782 illa
525 2723 664 2783 Varronis
694 2722 782 2784 verba
812 2733 947 2803 spectare
977 2725 1014 2783 ad
1044 2725 1246 2785 illustrandum
1277 2746 1369 2787 unum

224 2847 336 2888 uersum
366 2828 454 2900 attii,
485 2850 542 2888 non
575 2830 611 2887 ad
644 2831 891 2908 complectendum
922 2849 1005 2889 usum
1034 2832 1199 2892 universum
1230 2834 1371 2892 vocabuli

223 2953 340 3005 namea3
364 2941 544 3012 quapropter
567 2953 623 2992 non
647 2935 731 2994 video
755 2934 904 3014 equidem,
928 2954 985 3013 quo
1010 2935 1072 2994 iure
1095 2935 1219 3016 originis
1234 2937 1370 3016 disputa·

224 3040 304 3097 tione
335 3037 442 3096 abusos
470 3038 578 3097 dixerit
605 3038 825 3110 Lachmannus,
856 3040 904 3118 qui
932 3039 959 3097 id
992 3060 1095 3099 nomen
1122 3041 1158 3099 de
1187 3048 1268 3099 motu
1292 3045 1371 3102 ecci·

224 3144 314 3223 piant.
360 3143 430 3201 Cum
454 3150 550 3201 autem
569 3144 717 3204 sententia
739 3162 873 3203 versuum
905 3143 1149 3203 Lucretiaoorum
1179 3144 1266 3224 plaoe
1298 3167 1370 3206 con-

224 3249 316 3328 spiret
338 3267 400 3306 cum
425 3247 623 3328 originatioue
647 3248 708 3307 eius
732 3248 830 3319 vocis,
857 3259 910 3306 aut
938 3247 1088 3307 credemus
1118 3226 1295 3309 testimoniis
1318 3272 1371 3311 eo-

224 3353 335 3426 dicum,
358 3360 410 3412 aut
432 3361 528 3412 actum
555 3353 611 3412 erit
633 3352 661 3412 in
684 3354 826 3412 eiusmodi
850 3354 947 3413 causis
971 3351 1086 3412 deiide
1108 3354 1210 3413 borum
1233 3356 1368 3415 testium.

224 3458 318 3529 rlddc,
342 3458 419 3537 quod
442 3457 568 3530 librarii,
593 3459 641 3538 qui
664 3478 780 3517 carmen
797 3458 927 3517 Lucretii
943 3459 980 3516 ad
996 3467 1133 3538 posteros
1149 3471 1370 3540 propagarunt,

224 3564 374 3645 cognitum
398 3564 562 3622 babuerunt
585 3563 756 3625 vocabulum
780 3583 889 3621 momen
905 3564 1101 3642 iisquelocis,
1124 3563 1170 3622 ubi
1194 3565 1270 3643 apud
1289 3567 1370 3625 bunc
1408 3592 1409 3597 ¹

224 3677 338 3750 poetam
363 3669 484 3750 legitur,
504 3669 651 3750 ,integrum
676 3678 841 3740 servarunt,
865 3688 987 3749 quorum
1009 3669 1035 3727 si
1058 3688 1115 3748 qua
1137 3669 1370 3748 deprehendere·

224 3785 273 3834 tur
293 3775 339 3834 bis
362 3775 435 3834 locis
460 3774 614 3842 titubatio,
647 3775 734 3833 etiam
758 3774 865 3849 ceteris
887 3773 1041 3832 titubatum
1065 3793 1131 3832 esse
1153 3772 1242 3833 facile
1264 3778 1368 3837 crede·

224 3901 293 3939 rem.
338 3880 420 3938 Nunc
443 3880 541 3938 eadem
575 3878 744 3938 constantia
772 3887 803 3938 et
824 3897 934 3936 momen
957 3886 988 3936 et
1009 3897 1110 3935 numen
1139 3878 1200 3936 suis
1228 3881 1371 3962 quodque
1408 3948 1409 3959 q

225 3984 298 4044 locis
329 3983 527 4064 prodiderunt.
583 3983 716 4062 Denique
752 3992 834 4042 certo
867 3983 1031 4041 discrimine
1066 4001 1174 4040 momen
1203 3990 1234 4043 ct
1262 4004 1370 4044 namen

225 4089 299 4148 dixit
321 4088 487 4157 Lucretius,
512 4088 582 4147 illud
605 4098 657 4147 out
680 4089 716 4147 de
738 4096 841 4148 certo
866 4096 992 4158 motu,
1016 4090 1045 4158 2,
1071 4088 1148 4145 220:

356 4213 427 4270 216.
452 4210 524 4268 lllud
547 4211 575 4268 in
599 4211 643 4270 bis
664 4230 780 4292 quoque
804 4219 834 4269 te
855 4209 941 4268 rebus
963 4198 1147 4290 cognoscere
1169 4225 1299 4277 avemus,

448 4315 580 4393 Corpora
603 4333 666 4373 cum
689 4315 824 4391 deorsum
846 4322 956 4371 rectum
977 4333 1031 4390 per
1053 4315 1137 4371 inane
1160 4310 1307 4382 feruntur,
