2842 4817
502 213 647 262 Lectiones
666 211 849 276 Vergilium.
1176 216 1180 225 ’
1202 218 1244 278 85

88 363 209 442 opinor,
233 384 308 436 num,
331 365 360 426 id
384 366 461 446 quod
485 364 557 428 vidit
578 367 788 450 Lndewigius,
810 365 847 424 do
869 365 972 426 eollo·
994 369 1120 428 coucilio
1143 368 1236 448 accipi

89 491 182 552 prope
205 491 325 530 necesse
349 480 410 544 cst,
442 493 516 552 quae
547 474 688 552 leguntur
716 494 760 535 rs.
784 475 847 534 309
878 473 1109 544 „Primorum
1132 495 1235 536 manus

4 593 8 666 ι
91 620 98 634 .
124 618 131 635 .
157 618 176 648 .,
199 577 450 657 iuvenumque
473 580 663 658 senumque.’'
717 580 756 638 llt
778 579 814 637 ad
838 579 963 638 consilia
985 580 1124 640 militaria
1145 601 1163 640 a
1184 581 1234 640 ‹lu-

5 666 9 690 ''
89 682 170 741 cibus
194 683 280 740 etiam
305 682 430 761 primos,
464 683 606 743 interdum
631 703 747 754 omues,
770 684 976 755 centuriones,
998 685 1112 766 equites
1136 687 1234 758 etiam,

4 818 9 854 ρ
90 786 235 846 adhibitos
257 806 325 846 esse
348 808 429 847 nore
451 789 602 859 Romano,
625 788 721 868 qualis
744 796 812 867 post
834 784 892 846 fuit
915 789 1056 868 cuiusque
1078 790 1235 871 originem,

4 859 8 949 i
89 895 121 946 ut
145 889 300 948 multorum
324 909 419 950 reru·
444 891 582 961 aliarum,
609 891 646 950 acl
670 891 795 970 priscam
823 891 902 949 illan
926 899 1053 951 aetutem
1076 913 1235 954 revocasse

88 993 205 1052 videtur
226 1001 327 1072 poeta,
349 995 424 1054 satis
447 1003 581 1066 constat,
604 996 661 1056 rid.
686 997 768 1076 lips.
790 997 827 1056 oo
849 996 936 1056 Milit.
959 997 1044 1056 llum.
1057 1000 1128 1067 2,8.
1142 998 1232 1057 Tou.
1344 995 1352 1014 “

5 1146 10 1172 ,
90 1099 139 1157 111.
162 1119 190 1176 p.
216 1100 258 1158 81
281 1098 343 1157 edit
364 1098 480 1170 Vesul,
503 1101 551 1179 qui
575 1121 634 1158 nou
658 1102 792 1180 neglexit
820 1102 894 1162 baec
924 1101 989 1180 ipsa
1012 1099 1182 1182 Vergiliana
1203 1113 1235 1162 et

89 1201 148 1273 „tle
169 1202 353 1281 equitibus
375 1203 485 1283 aliquid
508 1204 674 1264 indicasse’'
697 1214 814 1285 poeta·
838 1204 1014 1286 auspicetur.

174 1310 249 1370 Aeo.
272 1310 303 1381 9,
327 1311 399 1370 271.
445 1314 560 1386 Insuper
581 1312 607 1370 is
629 1315 723 1386 rumpi
744 1318 802 1370 etc.

89 1415 134 1472 lte
157 1413 316 1486 Mediceur,
340 1415 425 1494 idque
448 1416 629 1496 repetierunt
650 1415 841 1493 Ladewigius
859 1422 890 1474 et
910 1412 1065 1492 llouptiuu.
1110 1413 1141 1471 lu
1163 1421 1236 1475 note

6 1524 10 1538 '
87 1517 280 1598 [ludewigius
305 1521 363 1590 „ir,
385 1519 437 1590 eit,
459 1537 501 1578 sc.
525 1518 647 1599 genitor
668 1518 785 1590 ‹lebit”;
808 1517 887 1598 quod
908 1516 1017 1576 ferrem
1038 1514 1186 1588 fortasse,
1208 1519 1235 1578 si

87 1623 322 1703 distingueretur
341 1624 457 1684 Aeneas
480 1624 515 1684 ab
538 1624 614 1696 ulio,
661 1643 737 1684 nunc
763 1642 886 1703 prorsus
915 1621 1043 1680 otiosum
1073 1630 1105 1679 et
1131 1621 1234 1682 inutile

86 1736 135 1787 est
157 1727 186 1785 id
208 1746 379 1806 pronomen.
424 1727 483 1788 Sed
507 1728 589 1806 quial',
611 1728 636 1786 si
659 1749 714 1808 pro
737 1730 773 1786 iia
798 1727 978 1807 accipiaturl
1021 1725 1064 1784 Ae
1085 1725 1233 1807 Vergilius

87 1833 146 1891 boe
164 1849 234 1890 casu
256 1830 340 1890 buius
362 1831 544 1910 pronominis
566 1830 723 1903 abstinuit,
758 1850 852 1911 oeque
873 1834 948 1902 aias,
978 1849 1031 1889 nec
1052 1834 1097 1901 ei,
1126 1850 1180 1892 nec
1201 1837 1232 1904 ii,

86 1932 268 1996 nectarei
292 1937 331 2008 ia,
356 1955 409 1995 nec
429 1955 526 1995 aaaron
548 1936 624 2016 epod
648 1955 711 1995 eom
737 1936 860 2016 legitur.
919 1936 1022 2013 ltaque
1050 1935 1233 1994 retinendum

85 2042 195 2112 iudico,
218 2040 296 2120 quod
320 2039 412 2119 vulgo
436 2038 543 2099 editum
567 2049 623 2111 est,
645 2041 706 2112 tir,-
727 2039 786 2100 vid.
808 2039 903 2098 fland.
918 2039 1053 2098 Torsell.
1069 2041 1100 2110 3,
1114 2060 1143 2119 p.
1159 2041 1232 2100 386.

172 2146 245 2206 Aeo.
269 2148 300 2217 9,
322 2146 395 2206 400.
528 2164 566 2202 on
587 2164 645 2204 reae
665 2149 772 2204 medior
791 2149 944 2204 norim
964 2147 995 2202 'in
1017 2161 1104 2204 eures

447 2251 563 2321 leserat.

84 2361 116 2414 ie
140 2357 224 2414 toras
245 2352 437 2434 hadewigios
461 2361 492 2412 et
514 2353 673 2433 flauptiuo3
698 2373 758 2433 ego
780 2353 895 2412 retineo
916 2371 1010 2426 εειεε,
1030 2371 1104 2431 quae
1121 2359 1152 2410 et
1169 2351 1233 2432 ipsu
1254 2357 1257 2360 ’

85 2463 209 2541 antiqua
230 2467 277 2520 est
300 2459 400 2531 lectio,
424 2468 495 2518 nota
508 2459 629 2530 Serrio3
652 2468 682 2518 ct
704 2458 781 2518 unde
802 2478 881 2516 enses
903 2458 959 2516 buc
971 2456 1074 2519 inferri
1091 2459 1232 2537 potuerit,

85 2567 144 2628 dici
167 2586 224 2625 non
253 2571 373 2645 potest‚·
406 2570 439 2622 et
467 2565 556 2622 lactes
585 2563 671 2624 valde
702 2562 851 2642 probabile
881 2570 928 2622 eat
955 2562 991 2622 ab
1022 2563 1058 2623 iio
1088 2563 1232 2623 invectum

84 2691 167 2742 esse,
199 2669 301 2749 quibus
323 2670 351 2728 lu
376 2667 516 2728 memoria
538 2668 682 2728 resideret
705 2667 780 2727 idem
801 2667 1011 2727 bcmlsticbium
1037 2671 1066 2738 2,
1090 2671 1148 2730 511
1176 2667 1232 2727 Ιεε-

85 2784 158 2835 tum.
208 2775 370 2834 Praeterea
398 2772 485 2832 etiam
521 2791 557 2831 ex
589 2772 851 2850 interpretamento
888 2770 969 2829 nasci
1000 2770 1098 2849 potuit
1129 2773 1233 2844 bosor,

85 2901 153 2942 narn
175 2878 277 2958 quaeri
301 2885 431 2958 poterat,
456 2877 571 2956 quinam
594 2886 695 2936 essent
718 2877 737 2936 ii
759 2877 864 2936 eusesl
893 2895 994 2956 nempe
1017 2877 1146 2934 borbum

173 2983 247 3042 Aeo.
271 2983 301 3053 9,
325 2985 398 3041 418.
443 2981 467 3040 it
487 2983 577 3040 tarn.

86 3091 137 3148 Sic
159 3087 313 3148 ediderunt
334 3086 525 3166 hedewigins
547 3095 578 3146 et
600 3085 763 3164 Hauptius3
786 3084 821 3143 de
844 3102 902 3162 quo
928 3082 1035 3142 dictum
1057 3092 1104 3144 eat
1127 3084 1230 3164 Capi.

88 3195 124 3254 ad
148 3196 178 3263 2,
204 3193 288 3279 197.Ι

173 3297 246 3356 Αειι.
271 3297 301 3366 9,
325 3295 396 3352 185.
441 3293 557 3350 canitur
580 3291 648 3350 date
667 3291 778 3363 proedo
801 3289 918 3346 latinia.

88 3407 155 3462 doio
174 3403 285 3477 praedo
308 3398 470 3469 Modiceus3
494 3397 579 3474 idque
603 3394 796 3455 restituerunt
819 3391 1009 3472 hedewigius
1032 3399 1062 3450 et
1077 3392 1232 3470 Hauptins.

91 3508 228 3588 Equidem
259 3503 384 3563 nondum
415 3502 497 3580 potui
525 3500 592 3558 mibi
624 3498 800 3579 persuadere
832 3517 948 3576 pravam
981 3516 1048 3555 csse
1077 3497 1231 3556 lectionem

90 3612 229 3672 bonorum
254 3607 434 3688 quarruodam
457 3605 594 3664 librorum
619 3608 693 3664 dcte.
739 3603 852 3662 Nemini
874 3601 963 3661 facilc
986 3602 1014 3660 iu
1038 3609 1160 3661 mentem
1184 3621 1232 3661 ve-

7 3719 10 3726 '
89 3717 164 3776 uerit
195 3717 259 3772 dote
286 3730 350 3770 cum
377 3714 444 3766 dota
474 3717 668 3780 commutarem
707 3715 813 3766 contra
848 3706 973 3764 maxime
1007 3704 1137 3783 proclive
1170 3712 1234 3763 erat

90 3824 153 3879 date
182 3819 210 3878 in
240 3820 307 3876 dala
336 3821 525 3885 converterc3
553 3833 611 3892 quar
635 3812 766 3882 accedit,
797 3810 875 3890 quod
898 3811 926 3868 iu
950 3809 1049 3867 codem
1073 3809 1233 3886 superioria

92 3943 191 3986 versus
213 3921 285 3982 sede
303 3923 372 3978 doto
395 3919 568 3999 praecessit,
591 3937 649 3996 quo
674 3917 813 3977 facillime
837 3935 917 4001 mens
942 3912 1077 3991 oculique
1097 3912 1233 3972 aberrare

93 4034 258 4108 potuerunt.
305 4024 407 4094 Certe,
433 4042 496 4082 cum
522 4021 619 4081 multis
642 4021 716 4079 locis
739 4021 802 4080 siue
822 4019 894 4082 vitio
913 4017 1057 4096 repetitae
1073 4017 1232 4096 siutpoulo

94 4142 158 4192 ante
181 4133 276 4190 lectae
300 4128 417 4187 eaedem
440 4128 593 4187 verborum
616 4125 745 4197 formae,
776 4125 841 4198 bic,
873 4124 920 4183 ubi
943 4123 970 4180 id
993 4121 1028 4179 fit
1050 4130 1168 4200 praeter
1188 4144 1233 4182 ro·

95 4237 216 4306 tionem,
238 4233 348 4296 vitiosa
371 4253 406 4292 ea
428 4253 476 4290 res
500 4232 598 4290 baberi
621 4231 717 4291 debet.

178 4341 249 4398 Aen.
273 4339 304 4410 a,
326 4339 400 4397 526.
445 4347 511 4394 lonc
538 4357 554 4395 ε
577 4337 708 4397 Mediceo
733 4331 864 4396 restituit
886 4329 1094 4413 Lodewigius,
1125 4331 1230 4393 loboio
