2842 4817
204 184 246 240 50
633 178 753 245 Ploltppi
771 178 908 245 Wagneri

204 333 252 414 pla
276 332 442 392 detestabili
466 330 583 391 monitis
605 331 799 391 coruveniebat
820 332 940 391 invisam
973 351 1040 389 esse
1063 350 1174 389 omnem
1205 328 1346 398 nubilem

205 436 286 515 atqui
310 453 423 515 gcous
447 434 560 513 quidem
584 433 739 493 femineum
763 433 970 512 complectitur
992 434 1079 491 etium
1107 442 1233 503 matres,
1263 454 1345 491 soro·

205 559 263 609 res,
287 546 445 619 cognatas,
468 536 586 609 nffioes,
610 558 682 617 quos
706 539 800 618 quivis
823 538 910 617 paulo
935 536 1118 596 tolerabilior
1140 537 1226 595 lroma
1249 556 1347 595 umore
1413 535 1414 610 l

205 655 235 702 et
257 644 356 703 colere
379 642 541 702 consuevit.
598 642 747 708 Quocirca
769 651 880 701 tantum
907 642 1005 711 abest,
1034 641 1159 699 utillud
1182 659 1241 698 aco
1264 642 1348 695 nouo

206 766 286 805 omae
308 748 364 808 vim
386 745 718 825 sententiaciofriogut,
741 755 774 803 ut
799 741 869 809 nibil
883 766 949 804 csse
966 745 1205 825 pussitgrauius.
1250 745 1348 825 Sigui-
1413 773 1414 820 p

206 850 276 907 licut
300 857 388 927 pocta
419 869 476 908 ouo
510 849 609 907 mirum
632 847 782 917 futuram,
813 849 837 906 si
862 849 987 906 Troiani
1019 848 1087 907 odio
1117 847 1289 907 feminarum
1313 867 1348 905 co
1404 835 1415 882 ⁴

212 955 421 1033 provehantur,
444 962 477 1011 ut
501 972 558 1011 ooo
583 952 677 1011 solum
701 952 815 1031 puellas
838 952 972 1024 oderint,
992 953 1044 1012 sed
1068 973 1159 1032 prope
1181 954 1348 1013 universum
1413 995 1414 1012 ι

209 1077 304 1138 genus
333 1056 523 1125 feminarum,
567 1063 675 1113 matres
706 1074 823 1134 quoque
853 1064 1026 1135 ceterosque
1058 1058 1190 1116 maximis
1224 1056 1350 1116 vinculis
1413 1070 1414 1102 t

210 1161 438 1241 propinquitatis
461 1160 643 1219 caroiunctns.
689 1160 778 1237 impie
800 1167 896 1219 autem
920 1160 1037 1219 locutus
1051 1162 1199 1222 videretur
1215 1162 1350 1229 Turnus,
1413 1191 1414 1238 3

210 1267 234 1325 si
258 1266 374 1324 omissis
398 1263 550 1344 particulis
564 1266 715 1321 modoaoo
731 1284 816 1323 omne
831 1264 1105 1345 geousfemincum,
1128 1266 1208 1325 nulle
1232 1265 1350 1325 omnino

210 1376 335 1448 excepta
357 1367 476 1436 femina,
512 1366 654 1425 Troianis
677 1366 745 1424 odio
768 1387 835 1426 esse
857 1367 962 1427 debere
985 1369 1105 1428 diceret.
1129 1404 1172 1414 -—
1216 1369 1350 1447 Denique
1405 1410 1414 1430 .,

211 1474 311 1532 eodem
335 1492 421 1533 versu
445 1490 508 1530 cum
533 1490 638 1550 perse
662 1474 836 1554 etperosis,
865 1474 941 1551 quod
965 1472 1055 1531 edidit
1077 1474 1287 1555 Ladewigins,
1322 1480 1351 1531 et
1413 1533 1414 1536 ,

208 1595 334 1652 pucros,
357 1576 433 1655 qnod
457 1583 557 1635 semet
580 1574 739 1653 Hauptius‚
763 1583 843 1634 stare
866 1578 978 1655 possit,
1001 1578 1211 1651 dempsimus,
1245 1586 1280 1636 ut
1303 1599 1350 1657 po·
1413 1572 1414 1593 ¹

212 1682 288 1739 tiore
311 1680 491 1739 auctoritate
513 1679 636 1738 Medicei
660 1688 690 1737 et
706 1678 745 1737 fr.
762 1665 894 1739 Vaticani
910 1682 1059 1753 munitum,
1083 1704 1140 1741 oon
1162 1683 1351 1741 dimittemus.

298 1785 370 1845 Aen.
394 1788 424 1855 ll,
448 1785 520 1845 360.
566 1786 700 1858 elopem,
726 1786 835 1843 Tiburti
857 1788 968 1844 lleutulo
990 1790 1139 1845 ditissimus
1160 1790 1224 1845 olim

570 1887 647 1957 (luce
668 1891 751 1944 mittit
772 1892 858 1961 douo,
879 1891 998 1963 bospitio
1020 1910 1081 1948 cum
1103 1895 1231 1967 imperet
1243 1893 1352 1958 obseas,

567 1992 720 2062 coeutccs3
741 1995 788 2050 ille
809 2013 859 2051 suo
880 1999 1005 2052 moriens
1026 1998 1199 2053 detinuere
1219 2000 1331 2067 nepoti3

549 2094 647 2152 *Post
667 2106 790 2155 mortem
813 2096 889 2155 ballo
914 2100 1015 2157 Rutuli
1038 2119 1195 2179 pugnaque
1217 2098 1317 2179 potiti.

302 2200 409 2260 l'ocuvi
432 2218 544 2259 versum
570 2201 631 2257 363
655 2200 683 2258 in
707 2203 828 2274 >obelus
856 2203 1066 2281 suspitionem,
1089 2223 1124 2261 ac
1147 2224 1200 2281 per
1221 2203 1290 2262 mibi
1315 2205 1353 2260 iu·

214 2308 335 2367 cundum
361 2304 427 2375 fuit,
450 2303 526 2383 quod
550 2303 681 2363 rationes
703 2325 783 2364 mess
806 2306 840 2365 ab
865 2307 978 2366 lrcmioc
1000 2308 1151 2367 admodum
1174 2307 1289 2366 subtilis
1315 2308 1354 2365 iu·

215 2412 296 2481 dicii,
320 2409 453 2468 Carolc
477 2408 597 2477 Tiriel,
622 2410 732 2486 optimo
761 2410 988 2491 doctissimoque
1010 2413 1171 2490 interprete
1193 2411 1353 2480 Aeneidos,

214 2513 418 2594 comprobatus
441 2510 508 2571 vidi.
557 2511 747 2591 ludewigius
769 2523 858 2593 utque
881 2515 1024 2595 Hauptius
1046 2527 1231 2576 removerunt
1252 2516 1356 2574 stellu·
1406 2539 1413 2570 a

217 2623 271 2679 lam
295 2639 313 2677 a
334 2637 378 2675 mc
401 2614 573 2693 appositam.
626 2617 664 2673 Et
685 2615 876 2697 hedewigius
905 2619 1018 2697 quidem
1047 2620 1121 2679 satis
1149 2620 1248 2679 babuit
1268 2621 1356 2678 scba·

216 2726 276 2783 lion
302 2720 397 2780 Servii
420 2718 539 2777 laudare
563 2729 773 2798 praetereaque
797 2722 867 2779 bace
889 2722 1031 2781 adiicere:
1061 2726 1142 2797 „Post
1169 2736 1283 2781 mortem
1311 2744 1356 2783 ne·

217 2829 295 2907 potis
318 2824 468 2893 scilicet”,
497 2823 523 2881 id
552 2824 628 2902 quud
651 2825 693 2882 ait
716 2834 822 2903 sponte
850 2826 987 2905 intelligi.
1042 2828 1081 2886 At
1112 2829 1160 2907 qui
1186 2829 1358 2888 examinare

216 2930 353 3000 voluerit,
376 2947 451 3008 quac
472 2929 575 3006 scripsi
597 2948 633 2987 co
657 2929 724 2988 loco
744 2931 773 2987 io
797 2930 880 2989 Vurr.
901 2930 1017 2999 Lectt.,
1039 2930 1146 3002 focile,
1170 2934 1290 3011 opinor,
1317 2935 1356 2993 iu-

216 3036 336 3114 telligct
365 3032 484 3090 multum
517 3032 634 3103 abesse,
666 3042 699 3091 ut
727 3034 777 3092 illu
806 3034 938 3094 ecfututa
960 3055 977 3093 ιι
999 3035 1173 3116 Ladcwigio
1196 3036 1357 3100 existimet.

218 3138 275 3197 Sed
300 3146 395 3194 tomen
416 3140 510 3192 restat
533 3133 631 3213 aliqua
653 3137 730 3194 ratio
755 3138 897 3211 nondum,
922 3139 999 3217 quod
1022 3140 1128 3211 sciam,
1158 3159 1176 3197 a
1199 3159 1357 3219 quoquam,

221 3243 275 3302 nisi
304 3239 384 3299 forte
414 3220 449 3297 ub
473 3238 616 3316 Hauptio,
647 3240 862 3312 animaduersa,
896 3262 954 3322 qua
983 3244 1058 3301 bunc
1087 3263 1200 3303 versum
1224 3244 1359 3325 Vergilio

218 3347 365 3408 vindicurc
395 3343 492 3400 liceat.
550 3342 746 3402 intolerabilis
772 3345 846 3403 enim
869 3346 920 3407 illu
942 3348 1110 3419 scabritias,
1143 3368 1226 3427 quam
1256 3350 1360 3427 deprc-

220 3450 305 3509 lreodi
327 3448 456 3505 dixeram
480 3445 508 3503 iu
538 3446 602 3504 istis
626 3453 768 3516 „moriens
793 3493 799 3505 .
824 3493 831 3507 .
855 3492 862 3505 .
888 3453 949 3509 Post
974 3448 1114 3524 mortem”‚
1141 3452 1208 3511 tolli
1236 3455 1360 3532 poterit,
1411 3517 1412 3532 ἶ

220 3554 244 3613 si
267 3550 355 3612 verbu
378 3553 441 3607 l’ost
460 3560 576 3606 mortem
600 3571 657 3608 noo
680 3552 717 3609 ad
740 3563 885 3631 nepotem,
908 3556 959 3613 scd
981 3558 1017 3614 ud
1035 3556 1188 3615 Cucdicum
1211 3557 1361 3634 pertinere
1411 3587 1412 3616 1

220 3655 431 3715 arbitrabimur.
476 3652 563 3718 tluod
585 3654 611 3712 si
628 3675 726 3715 verum
745 3667 801 3728 est,
824 3660 880 3717 boc
894 3661 965 3718 dicit
979 3666 1082 3738 paeto:
1106 3659 1271 3730 „Caedicus
1292 3680 1360 3720 cum

220 3764 248 3819 in
271 3780 306 3817 co
329 3766 409 3816 esset
430 3766 464 3814 ut
486 3766 667 3828 moreretur,
698 3759 777 3817 dedit
807 3761 862 3819 boc
891 3763 1037 3843 cingulum
1066 3763 1166 3840 nepoti
1195 3783 1265 3834 suo,
1296 3767 1360 3836 sed,

220 3871 373 3943 postquam
398 3868 529 3919 mortuus
553 3869 612 3931 est,
643 3863 723 3921 venit
750 3864 778 3921 id
807 3865 954 3947 cingulum
985 3869 1012 3925 io
1035 3875 1212 3946 potestatem
1235 3868 1360 3928 Rutulo·

221 3988 294 4037 rum,
318 3967 365 4045 qui
389 3983 476 4023 caeso
500 3964 527 4021 io
552 3984 651 4044 pugno
675 3977 782 4044 nepote
801 3969 916 4031 Caedici
939 3993 975 4031 eo
999 3972 1084 4050 potiti
1108 3972 1206 4029 sunt”.
1250 3972 1361 4031 tiorum

221 4078 249 4133 iu
273 4071 410 4153 gratiam,
433 4069 481 4147 qui
505 4069 577 4127 lianc
600 4068 681 4128 idom
703 4070 837 4148 probant,
860 4095 934 4134 nunc
957 4086 987 4135 et
1010 4077 1072 4155 ipse
1094 4077 1178 4135 demo
1201 4075 1359 4135 stellulanr.

310 4174 502 4244 Acoetes.
548 4175 621 4233 402.
646 4176 730 4233 Ocius
751 4178 872 4237 adducto
894 4191 1023 4256 torqueor
1046 4182 1145 4238 tortile
1164 4182 1272 4238 lacerto

546 4280 619 4337 403.
643 4282 803 4351 suspiciens
819 4285 904 4341 uuum
914 4287 1029 4350 Lunam,
1047 4287 1130 4343 ctsic
1141 4301 1210 4341 uoce
1216 4295 1361 4355 precetur:
