<?xml version="1.0" encoding="UTF-8"?>
<!DOCTYPE html PUBLIC "-//W3C//DTD XHTML 1.0 Transitional//EN"
    "http://www.w3.org/TR/xhtml1/DTD/xhtml1-transitional.dtd">
<html xmlns="http://www.w3.org/1999/xhtml" xml:lang="en" lang="en">
 <head>
  <title>
</title>
<meta http-equiv="Content-Type" content="text/html;charset=utf-8" />
  <meta name='ocr-system' content='tesseract 3.04.00' />
  <meta name='ocr-capabilities' content='ocr_page ocr_carea ocr_par ocr_line ocrx_word'/>
</head>
<body>
  <div class='ocr_page' id='page_1' title='image "./lectionumvergil00anthgoog_0082.png"; bbox 0 0 2842 4817; ppageno 0'>
   <div class='ocr_carea' id='block_1_1' title="bbox 209 199 909 265">
    <p class='ocr_par' dir='ltr' id='par_1_1' title="bbox 209 199 909 265">
     <span class='ocr_line' id='line_1_1' title="bbox 209 199 909 265; baseline 0 -17"><span class='ocrx_word' id='word_1_1' title='bbox 209 201 250 260; x_wconf 65' lang='grc'>74</span> <span class='ocrx_word' id='word_1_2' title='bbox 637 199 756 265; x_wconf 74' lang='lat' dir='ltr'>Philippi</span> <span class='ocrx_word' id='word_1_3' title='bbox 774 199 909 264; x_wconf 70' lang='lat' dir='ltr'>Wagneri</span> 
     </span>
    </p>
   </div>
   <div class='ocr_carea' id='block_1_2' title="bbox 181 353 1413 2308">
    <p class='ocr_par' dir='ltr' id='par_1_2' title="bbox 181 353 1413 1581">
     <span class='ocr_line' id='line_1_2' title="bbox 294 353 1412 437; baseline 0 -27"><span class='ocrx_word' id='word_1_4' title='bbox 294 353 364 412; x_wconf 77' lang='lat' dir='ltr'>Aeo.</span> <span class='ocrx_word' id='word_1_5' title='bbox 384 355 415 424; x_wconf 82' lang='lat'>3,</span> <span class='ocrx_word' id='word_1_6' title='bbox 437 355 510 413; x_wconf 83' lang='lat'><strong>558.</strong></span> <span class='ocrx_word' id='word_1_7' title='bbox 557 355 692 410; x_wconf 74' lang='lat' dir='ltr'>Nimirum</span> <span class='ocrx_word' id='word_1_8' title='bbox 715 353 788 412; x_wconf 78' lang='lat' dir='ltr'>isaeo</span> <span class='ocrx_word' id='word_1_9' title='bbox 809 355 859 410; x_wconf 81' lang='lat' dir='ltr'>iilo</span> <span class='ocrx_word' id='word_1_10' title='bbox 881 354 1043 428; x_wconf 69' lang='lat' dir='ltr'>Gteryddin</span> <span class='ocrx_word' id='word_1_11' title='bbox 1411 400 1412 437; x_wconf 60' lang='lat'><em>3</em></span> 
     </span>
     <span class='ocr_line' id='line_1_3' title="bbox 207 457 1413 537; baseline 0.002 -23"><span class='ocrx_word' id='word_1_12' title='bbox 207 459 255 514; x_wconf 83' lang='lat' dir='ltr'>in‘c</span> <span class='ocrx_word' id='word_1_13' title='bbox 275 460 324 515; x_wconf 79' lang='lat' dir='ltr'>iiio</span> <span class='ocrx_word' id='word_1_14' title='bbox 347 459 501 532; x_wconf 67' lang='lat' dir='ltr'>Charybdis</span> <span class='ocrx_word' id='word_1_15' title='bbox 522 457 714 537; x_wconf 78' lang='lat' dir='ltr'>Ladewigius</span> <span class='ocrx_word' id='word_1_16' title='bbox 744 457 864 536; x_wconf 74' lang='lat' dir='ltr'>scripsit</span> <span class='ocrx_word' id='word_1_17' title='bbox 886 458 1048 518; x_wconf 77' lang='lat' dir='ltr'>Mediceum</span> <span class='ocrx_word' id='word_1_18' title='bbox 1070 464 1238 537; x_wconf 81' lang='lat' dir='ltr'>paucosque</span> <span class='ocrx_word' id='word_1_19' title='bbox 1270 459 1353 519; x_wconf 82' lang='lat' dir='ltr'>aiios</span> <span class='ocrx_word' id='word_1_20' title='bbox 1411 464 1413 526; x_wconf 73' lang='grc' dir='ltr'><strong>ξ</strong></span> 
     </span>
     <span class='ocr_line' id='line_1_4' title="bbox 208 560 1413 642; baseline -0.001 -21"><span class='ocrx_word' id='word_1_21' title='bbox 208 571 337 622; x_wconf 89' lang='lat' dir='ltr'>secutus.</span> <span class='ocrx_word' id='word_1_22' title='bbox 371 563 515 642; x_wconf 80' lang='lat' dir='ltr'>Hauptins</span> <span class='ocrx_word' id='word_1_23' title='bbox 531 562 651 621; x_wconf 86' lang='lat' dir='ltr'>retinuit</span> <span class='ocrx_word' id='word_1_24' title='bbox 667 563 749 632; x_wconf 77' lang='lat' dir='ltr'>doec,</span> <span class='ocrx_word' id='word_1_25' title='bbox 770 571 862 632; x_wconf 88' lang='lat' dir='ltr'>recte,</span> <span class='ocrx_word' id='word_1_26' title='bbox 885 560 990 641; x_wconf 79' lang='lat' dir='ltr'>siquid</span> <span class='ocrx_word' id='word_1_27' title='bbox 1004 564 1099 622; x_wconf 83' lang='lat' dir='ltr'>video.</span> <span class='ocrx_word' id='word_1_28' title='bbox 1143 565 1282 620; x_wconf 66' lang='lat' dir='ltr'>Nimim</span> <span class='ocrx_word' id='word_1_29' title='bbox 1306 566 1354 621; x_wconf 73' lang='lat' dir='ltr'>dic</span> <span class='ocrx_word' id='word_1_30' title='bbox 1411 564 1413 588; x_wconf 86' lang='lat'><strong>¹</strong></span> 
     </span>
     <span class='ocr_line' id='line_1_5' title="bbox 181 637 1413 747; baseline 0.002 -23"><span class='ocrx_word' id='word_1_31' title='bbox 181 669 258 724; x_wconf 77' lang='lat' dir='ltr'>¹iiio</span> <span class='ocrx_word' id='word_1_32' title='bbox 277 669 431 742; x_wconf 67' lang='lat' dir='ltr'>Odorpdds&#39;s</span> <span class='ocrx_word' id='word_1_33' title='bbox 452 665 620 747; x_wconf 76' lang='lat' dir='ltr'>significet:</span> <span class='ocrx_word' id='word_1_34' title='bbox 656 667 714 724; x_wconf 86' lang='lat' dir='ltr'>hoc</span> <span class='ocrx_word' id='word_1_35' title='bbox 735 666 802 725; x_wconf 87' lang='lat' dir='ltr'>loco</span> <span class='ocrx_word' id='word_1_36' title='bbox 825 675 886 737; x_wconf 88' lang='lat' dir='ltr'>est,</span> <span class='ocrx_word' id='word_1_37' title='bbox 909 687 967 726; x_wconf 89' lang='lat' dir='ltr'>nou</span> <span class='ocrx_word' id='word_1_38' title='bbox 989 667 1067 740; x_wconf 82' lang='lat' dir='ltr'>adio;</span> <span class='ocrx_word' id='word_1_39' title='bbox 1098 668 1175 746; x_wconf 81' lang='lat' dir='ltr'>quod</span> <span class='ocrx_word' id='word_1_40' title='bbox 1204 675 1289 728; x_wconf 87' lang='lat' dir='ltr'>recte</span> <span class='ocrx_word' id='word_1_41' title='bbox 1312 668 1353 727; x_wconf 95' lang='lat' dir='ltr'>di·</span> <span class='ocrx_word' id='word_1_42' title='bbox 1411 637 1413 719; x_wconf 59' lang='lat' dir='ltr'>i</span> 
     </span>
     <span class='ocr_line' id='line_1_6' title="bbox 209 724 1413 842; baseline -0.001 -12"><span class='ocrx_word' id='word_1_43' title='bbox 209 779 335 842; x_wconf 82' lang='lat' dir='ltr'>caretur,</span> <span class='ocrx_word' id='word_1_44' title='bbox 358 772 382 829; x_wconf 91' lang='lat' dir='ltr'>si</span> <span class='ocrx_word' id='word_1_45' title='bbox 405 782 457 830; x_wconf 90' lang='lat' dir='ltr'>aut</span> <span class='ocrx_word' id='word_1_46' title='bbox 470 771 499 830; x_wconf 91' lang='lat' dir='ltr'>in</span> <span class='ocrx_word' id='word_1_47' title='bbox 522 791 622 830; x_wconf 90' lang='lat' dir='ltr'>erroro</span> <span class='ocrx_word' id='word_1_48' title='bbox 645 770 777 830; x_wconf 86' lang='lat' dir='ltr'>iocorum</span> <span class='ocrx_word' id='word_1_49' title='bbox 797 779 934 831; x_wconf 76' lang='lat' dir='ltr'>remotus</span> <span class='ocrx_word' id='word_1_50' title='bbox 951 780 1033 830; x_wconf 87' lang='lat' dir='ltr'>esset</span> <span class='ocrx_word' id='word_1_51' title='bbox 1049 773 1176 842; x_wconf 76' lang='lat' dir='ltr'>Aeneas,</span> <span class='ocrx_word' id='word_1_52' title='bbox 1199 779 1250 830; x_wconf 86' lang='lat' dir='ltr'>aut</span> <span class='ocrx_word' id='word_1_53' title='bbox 1272 791 1353 831; x_wconf 84' lang='lat' dir='ltr'>com·</span> <span class='ocrx_word' id='word_1_54' title='bbox 1411 724 1413 829; x_wconf 54' lang='lat' dir='ltr'>i</span> 
     </span>
     <span class='ocr_line' id='line_1_7' title="bbox 210 876 1413 947; baseline 0.004 -14"><span class='ocrx_word' id='word_1_55' title='bbox 210 883 384 934; x_wconf 74' lang='lat' dir='ltr'>memoraret</span> <span class='ocrx_word' id='word_1_56' title='bbox 406 894 466 934; x_wconf 89' lang='lat' dir='ltr'>rem</span> <span class='ocrx_word' id='word_1_57' title='bbox 489 895 546 934; x_wconf 92' lang='lat' dir='ltr'>non</span> <span class='ocrx_word' id='word_1_58' title='bbox 570 883 639 935; x_wconf 86' lang='lat' dir='ltr'>ante</span> <span class='ocrx_word' id='word_1_59' title='bbox 662 883 933 947; x_wconf 67' lang='lat' dir='ltr'>commemoratam</span> <span class='ocrx_word' id='word_1_60' title='bbox 964 884 1081 936; x_wconf 84' lang='lat' dir='ltr'>etcum</span> <span class='ocrx_word' id='word_1_61' title='bbox 1104 876 1155 935; x_wconf 86' lang='lat' dir='ltr'>ilie</span> <span class='ocrx_word' id='word_1_62' title='bbox 1175 877 1355 935; x_wconf 71' lang='lat' dir='ltr'>recordetur</span> <span class='ocrx_word' id='word_1_63' title='bbox 1411 900 1413 939; x_wconf 66' lang='grc' dir='ltr'><strong>ι</strong></span> 
     </span>
     <span class='ocr_line' id='line_1_8' title="bbox 210 963 1413 1059; baseline 0.002 -21"><span class='ocrx_word' id='word_1_64' title='bbox 210 989 431 1059; x_wconf 86' lang='lat' dir='ltr'>praeceptorum</span> <span class='ocrx_word' id='word_1_65' title='bbox 448 980 561 1050; x_wconf 80' lang='lat' dir='ltr'>Heleni,</span> <span class='ocrx_word' id='word_1_66' title='bbox 583 983 653 1038; x_wconf 82' lang='lat' dir='ltr'>doec</span> <span class='ocrx_word' id='word_1_67' title='bbox 675 980 826 1039; x_wconf 88' lang='lat' dir='ltr'>dicendum</span> <span class='ocrx_word' id='word_1_68' title='bbox 843 990 919 1052; x_wconf 88' lang='lat' dir='ltr'>erat,</span> <span class='ocrx_word' id='word_1_69' title='bbox 943 983 961 1041; x_wconf 90' lang='lat' dir='ltr'>i.</span> <span class='ocrx_word' id='word_1_70' title='bbox 985 1001 1011 1040; x_wconf 90' lang='lat' dir='ltr'>e.</span> <span class='ocrx_word' id='word_1_71' title='bbox 1034 982 1106 1040; x_wconf 85' lang='lat' dir='ltr'>haec</span> <span class='ocrx_word' id='word_1_72' title='bbox 1123 988 1170 1040; x_wconf 89' lang='lat' dir='ltr'>est</span> <span class='ocrx_word' id='word_1_73' title='bbox 1185 981 1353 1058; x_wconf 74' lang='lat' dir='ltr'>Charybdis</span> <span class='ocrx_word' id='word_1_74' title='bbox 1411 963 1413 966; x_wconf 64' lang='lat'>‚</span> 
     </span>
     <span class='ocr_line' id='line_1_9' title="bbox 209 1084 1351 1164; baseline 0 -21"><span class='ocrx_word' id='word_1_75' title='bbox 209 1084 278 1154; x_wconf 81' lang='lat' dir='ltr'>iilo,</span> <span class='ocrx_word' id='word_1_76' title='bbox 311 1103 395 1164; x_wconf 82' lang='lat' dir='ltr'>quam</span> <span class='ocrx_word' id='word_1_77' title='bbox 422 1084 505 1144; x_wconf 85' lang='lat' dir='ltr'>nobis</span> <span class='ocrx_word' id='word_1_78' title='bbox 528 1084 674 1144; x_wconf 78' lang='lat' dir='ltr'>vitandam</span> <span class='ocrx_word' id='word_1_79' title='bbox 696 1084 773 1142; x_wconf 80' lang='lat' dir='ltr'>dixit</span> <span class='ocrx_word' id='word_1_80' title='bbox 795 1085 934 1144; x_wconf 81' lang='lat' dir='ltr'>Helenus.</span> <span class='ocrx_word' id='word_1_81' title='bbox 979 1086 1018 1144; x_wconf 82' lang='lat' dir='ltr'>Et</span> <span class='ocrx_word' id='word_1_82' title='bbox 1039 1086 1083 1144; x_wconf 87' lang='lat' dir='ltr'>sie</span> <span class='ocrx_word' id='word_1_83' title='bbox 1106 1085 1267 1164; x_wconf 84' lang='lat' dir='ltr'>loquuntur</span> <span class='ocrx_word' id='word_1_84' title='bbox 1291 1087 1351 1143; x_wconf 81' lang='lat' dir='ltr'>Ro·</span> 
     </span>
     <span class='ocr_line' id='line_1_10' title="bbox 210 1170 1413 1268; baseline 0 -20"><span class='ocrx_word' id='word_1_85' title='bbox 210 1189 304 1261; x_wconf 86' lang='lat' dir='ltr'>mani,</span> <span class='ocrx_word' id='word_1_86' title='bbox 337 1207 400 1247; x_wconf 84' lang='lat' dir='ltr'>curn</span> <span class='ocrx_word' id='word_1_87' title='bbox 423 1208 461 1248; x_wconf 82' lang='lat' dir='ltr'>ex</span> <span class='ocrx_word' id='word_1_88' title='bbox 490 1209 585 1248; x_wconf 89' lang='lat' dir='ltr'>rarum</span> <span class='ocrx_word' id='word_1_89' title='bbox 608 1197 754 1248; x_wconf 86' lang='lat' dir='ltr'>certarum</span> <span class='ocrx_word' id='word_1_90' title='bbox 784 1189 989 1248; x_wconf 88' lang='lat' dir='ltr'>recordatione</span> <span class='ocrx_word' id='word_1_91' title='bbox 1012 1189 1208 1248; x_wconf 74' lang='lat' dir='ltr'>coniecturam</span> <span class='ocrx_word' id='word_1_92' title='bbox 1230 1190 1354 1268; x_wconf 84' lang='lat' dir='ltr'>capiunt</span> <span class='ocrx_word' id='word_1_93' title='bbox 1411 1170 1413 1203; x_wconf 41' lang='lat' dir='ltr'>o</span> 
     </span>
     <span class='ocr_line' id='line_1_11' title="bbox 211 1270 1413 1364; baseline -0.002 -10"><span class='ocrx_word' id='word_1_94' title='bbox 211 1294 287 1354; x_wconf 70' lang='lat' dir='ltr'>nsua</span> <span class='ocrx_word' id='word_1_95' title='bbox 311 1294 434 1353; x_wconf 73' lang='lat' dir='ltr'>ousion.</span> <span class='ocrx_word' id='word_1_96' title='bbox 480 1293 540 1352; x_wconf 76' lang='lat' dir='ltr'>cn.</span> <span class='ocrx_word' id='word_1_97' title='bbox 571 1293 606 1352; x_wconf 72' lang='lat' dir='ltr'>oo</span> <span class='ocrx_word' id='word_1_98' title='bbox 635 1293 756 1354; x_wconf 65' lang='lat' dir='ltr'>arvinae.</span> <span class='ocrx_word' id='word_1_99' title='bbox 790 1298 817 1364; x_wconf 85' lang='grc' dir='ltr'>ι,</span> <span class='ocrx_word' id='word_1_100' title='bbox 839 1297 882 1352; x_wconf 78' lang='lat' dir='ltr'>ss</span> <span class='ocrx_word' id='word_1_101' title='bbox 905 1294 1003 1364; x_wconf 73' lang='lat' dir='ltr'>„noo</span> <span class='ocrx_word' id='word_1_102' title='bbox 1032 1294 1203 1353; x_wconf 68' lang='lat' dir='ltr'>nimirum</span> <span class='ocrx_word' id='word_1_103' title='bbox 1223 1302 1287 1352; x_wconf 70' lang='lat' dir='ltr'>sse</span> <span class='ocrx_word' id='word_1_104' title='bbox 1311 1293 1353 1351; x_wconf 84' lang='lat' dir='ltr'>n-</span> <span class='ocrx_word' id='word_1_105' title='bbox 1411 1270 1413 1315; x_wconf 68' lang='lat'><em>&#39;</em></span> 
     </span>
     <span class='ocr_line' id='line_1_12' title="bbox 211 1397 1351 1478; baseline 0.001 -22"><span class='ocrx_word' id='word_1_106' title='bbox 211 1399 290 1469; x_wconf 86' lang='lat' dir='ltr'>iud,</span> <span class='ocrx_word' id='word_1_107' title='bbox 314 1399 390 1478; x_wconf 85' lang='lat' dir='ltr'>quod</span> <span class='ocrx_word' id='word_1_108' title='bbox 413 1398 449 1456; x_wconf 92' lang='lat' dir='ltr'>de</span> <span class='ocrx_word' id='word_1_109' title='bbox 472 1398 597 1458; x_wconf 83' lang='lat' dir='ltr'>Sacrate</span> <span class='ocrx_word' id='word_1_110' title='bbox 619 1397 822 1476; x_wconf 85' lang='lat' dir='ltr'>accepimns,”</span> <span class='ocrx_word' id='word_1_111' title='bbox 844 1406 875 1456; x_wconf 90' lang='lat' dir='ltr'>et</span> <span class='ocrx_word' id='word_1_112' title='bbox 898 1399 991 1476; x_wconf 84' lang='lat' dir='ltr'>Epist.</span> <span class='ocrx_word' id='word_1_113' title='bbox 1014 1398 1051 1456; x_wconf 88' lang='lat' dir='ltr'>ad</span> <span class='ocrx_word' id='word_1_114' title='bbox 1072 1398 1135 1456; x_wconf 80' lang='lat' dir='ltr'>Att.</span> <span class='ocrx_word' id='word_1_115' title='bbox 1158 1399 1191 1467; x_wconf 83' lang='grc'>9,</span> <span class='ocrx_word' id='word_1_116' title='bbox 1213 1398 1243 1456; x_wconf 81' lang='grc'>9.</span> <span class='ocrx_word' id='word_1_117' title='bbox 1267 1398 1320 1468; x_wconf 85' lang='lat' dir='ltr'>„N</span> <span class='ocrx_word' id='word_1_118' title='bbox 1330 1399 1351 1457; x_wconf 95' lang='lat' dir='ltr'>i·</span> 
     </span>
     <span class='ocr_line' id='line_1_13' title="bbox 211 1502 1039 1581; baseline -0.002 -19"><span class='ocrx_word' id='word_1_119' title='bbox 211 1505 340 1562; x_wconf 84' lang='lat' dir='ltr'>mirum</span> <span class='ocrx_word' id='word_1_120' title='bbox 363 1503 429 1562; x_wconf 86' lang='lat' dir='ltr'>hoc</span> <span class='ocrx_word' id='word_1_121' title='bbox 452 1503 550 1561; x_wconf 85' lang='lat' dir='ltr'>iliud</span> <span class='ocrx_word' id='word_1_122' title='bbox 572 1511 651 1574; x_wconf 87' lang='lat' dir='ltr'>est,</span> <span class='ocrx_word' id='word_1_123' title='bbox 674 1503 751 1581; x_wconf 85' lang='lat' dir='ltr'>quod</span> <span class='ocrx_word' id='word_1_124' title='bbox 774 1502 1039 1562; x_wconf 51' lang='lat' dir='ltr'>eomer-scrinis?</span> 
     </span>
    </p>

    <p class='ocr_par' dir='ltr' id='par_1_3' title="bbox 299 1594 1121 1679">
     <span class='ocr_line' id='line_1_14' title="bbox 299 1594 1121 1679; baseline -0.002 -13"><span class='ocrx_word' id='word_1_125' title='bbox 299 1608 370 1666; x_wconf 73' lang='lat' dir='ltr'>non.</span> <span class='ocrx_word' id='word_1_126' title='bbox 394 1609 423 1677; x_wconf 83' lang='lat'>3,</span> <span class='ocrx_word' id='word_1_127' title='bbox 447 1607 520 1666; x_wconf 77' lang='grc' dir='ltr'><strong>ιιι.</strong></span> <span class='ocrx_word' id='word_1_128' title='bbox 564 1610 630 1664; x_wconf 67' lang='lat' dir='ltr'>sue</span> <span class='ocrx_word' id='word_1_129' title='bbox 654 1648 661 1664; x_wconf 95' lang='lat'><em>.</em></span> <span class='ocrx_word' id='word_1_130' title='bbox 685 1649 692 1664; x_wconf 90' lang='lat'><strong>.</strong></span> <span class='ocrx_word' id='word_1_131' title='bbox 717 1649 724 1663; x_wconf 91' lang='lat'><strong>.</strong></span> <span class='ocrx_word' id='word_1_132' title='bbox 748 1647 755 1662; x_wconf 93' lang='lat'><strong>.</strong></span> <span class='ocrx_word' id='word_1_133' title='bbox 777 1594 869 1665; x_wconf 69' lang='lat' dir='ltr'>eim</span> <span class='ocrx_word' id='word_1_134' title='bbox 890 1609 1012 1679; x_wconf 69' lang='lat' dir='ltr'>ofesce</span> <span class='ocrx_word' id='word_1_135' title='bbox 1034 1602 1121 1677; x_wconf 63' lang='lat' dir='ltr'>orm,</span> 
     </span>
    </p>

    <p class='ocr_par' dir='ltr' id='par_1_4' title="bbox 566 1710 1413 1784">
     <span class='ocr_line' id='line_1_15' title="bbox 566 1710 1413 1784; baseline 0.001 -17"><span class='ocrx_word' id='word_1_136' title='bbox 566 1710 677 1768; x_wconf 87' lang='lat' dir='ltr'>Nomen</span> <span class='ocrx_word' id='word_1_137' title='bbox 702 1711 907 1781; x_wconf 64' lang='lat' dir='ltr'>Acherusidos,</span> <span class='ocrx_word' id='word_1_138' title='bbox 931 1713 1044 1768; x_wconf 76' lang='lat' dir='ltr'>Troiam</span> <span class='ocrx_word' id='word_1_139' title='bbox 1066 1751 1074 1768; x_wconf 90' lang='lat'><strong>.</strong></span> <span class='ocrx_word' id='word_1_140' title='bbox 1094 1755 1102 1768; x_wconf 94' lang='lat'><strong><em>.</em></strong></span> <span class='ocrx_word' id='word_1_141' title='bbox 1125 1713 1309 1784; x_wconf 69' lang='lat' dir='ltr'>‚profectae</span> <span class='ocrx_word' id='word_1_142' title='bbox 1411 1712 1413 1750; x_wconf 63' lang='lat' dir='ltr'>i</span> 
     </span>
    </p>

    <p class='ocr_par' dir='ltr' id='par_1_5' title="bbox 211 1812 1413 2186">
     <span class='ocr_line' id='line_1_16' title="bbox 213 1812 1413 1893; baseline -0.003 -21"><span class='ocrx_word' id='word_1_143' title='bbox 213 1818 329 1872; x_wconf 81' lang='lat' dir='ltr'>Nomine</span> <span class='ocrx_word' id='word_1_144' title='bbox 350 1813 550 1893; x_wconf 76' lang='lat' dir='ltr'>hadewigius,</span> <span class='ocrx_word' id='word_1_145' title='bbox 574 1820 607 1872; x_wconf 89' lang='lat' dir='ltr'>ut</span> <span class='ocrx_word' id='word_1_146' title='bbox 628 1813 793 1883; x_wconf 79' lang='lat' dir='ltr'>Mediceus,</span> <span class='ocrx_word' id='word_1_147' title='bbox 815 1814 1044 1873; x_wconf 84' lang='lat' dir='ltr'>commendatum</span> <span class='ocrx_word' id='word_1_148' title='bbox 1067 1833 1086 1872; x_wconf 91' lang='lat' dir='ltr'>a</span> <span class='ocrx_word' id='word_1_149' title='bbox 1106 1813 1213 1872; x_wconf 84' lang='lat' dir='ltr'>Jahnio</span> <span class='ocrx_word' id='word_1_150' title='bbox 1235 1812 1271 1870; x_wconf 87' lang='lat' dir='ltr'>ad</span> <span class='ocrx_word' id='word_1_151' title='bbox 1302 1817 1353 1883; x_wconf 83' lang='lat'>12,</span> <span class='ocrx_word' id='word_1_152' title='bbox 1411 1848 1413 1863; x_wconf 39' lang='grc' dir='ltr'><strong>ι</strong></span> 
     </span>
     <span class='ocr_line' id='line_1_17' title="bbox 211 1917 1352 1996; baseline -0.002 -18"><span class='ocrx_word' id='word_1_153' title='bbox 211 1921 290 1990; x_wconf 75' lang='lat'>5¹53</span> <span class='ocrx_word' id='word_1_154' title='bbox 324 1927 405 1976; x_wconf 86' lang='lat' dir='ltr'>recte</span> <span class='ocrx_word' id='word_1_155' title='bbox 427 1936 497 1978; x_wconf 85' lang='lat' dir='ltr'>vero</span> <span class='ocrx_word' id='word_1_156' title='bbox 519 1935 620 1976; x_wconf 81' lang='lat' dir='ltr'>nomeu</span> <span class='ocrx_word' id='word_1_157' title='bbox 644 1917 767 1976; x_wconf 88' lang='lat' dir='ltr'>retinuit</span> <span class='ocrx_word' id='word_1_158' title='bbox 789 1918 954 1996; x_wconf 77' lang='lat' dir='ltr'>Hauptius,</span> <span class='ocrx_word' id='word_1_159' title='bbox 976 1919 1069 1988; x_wconf 87' lang='lat' dir='ltr'>satis,</span> <span class='ocrx_word' id='word_1_160' title='bbox 1092 1925 1174 1996; x_wconf 88' lang='lat' dir='ltr'>puto,</span> <span class='ocrx_word' id='word_1_161' title='bbox 1196 1917 1352 1977; x_wconf 80' lang='lat' dir='ltr'>defensum</span> 
     </span>
     <span class='ocr_line' id='line_1_18' title="bbox 214 2021 1412 2101; baseline -0.001 -19"><span class='ocrx_word' id='word_1_162' title='bbox 214 2022 356 2082; x_wconf 77' lang='lat' dir='ltr'>ennead</span> <span class='ocrx_word' id='word_1_163' title='bbox 380 2023 410 2092; x_wconf 85' lang='grc'>6,</span> <span class='ocrx_word' id='word_1_164' title='bbox 443 2025 515 2080; x_wconf 71' lang='grc'>242.</span> <span class='ocrx_word' id='word_1_165' title='bbox 560 2021 683 2080; x_wconf 77' lang='lat' dir='ltr'>dahnius</span> <span class='ocrx_word' id='word_1_166' title='bbox 715 2021 735 2080; x_wconf 92' lang='grc' dir='ltr'>Ι.</span> <span class='ocrx_word' id='word_1_167' title='bbox 757 2021 779 2079; x_wconf 84' lang='grc' dir='ltr'>Ι.</span> <span class='ocrx_word' id='word_1_168' title='bbox 802 2023 844 2079; x_wconf 88' lang='lat' dir='ltr'>ait</span> <span class='ocrx_word' id='word_1_169' title='bbox 874 2021 1035 2101; x_wconf 76' lang='lat' dir='ltr'>Vergilium</span> <span class='ocrx_word' id='word_1_170' title='bbox 1068 2021 1244 2081; x_wconf 73' lang='lat' dir='ltr'>debuisse</span> <span class='ocrx_word' id='word_1_171' title='bbox 1276 2024 1353 2082; x_wconf 85' lang='lat' dir='ltr'>scri·</span> <span class='ocrx_word' id='word_1_172' title='bbox 1411 2052 1412 2055; x_wconf 38' lang='lat'>¹</span> 
     </span>
     <span class='ocr_line' id='line_1_19' title="bbox 211 2124 1284 2186; baseline 0 -1"><span class='ocrx_word' id='word_1_173' title='bbox 211 2127 278 2185; x_wconf 91' lang='lat' dir='ltr'>bere</span> <span class='ocrx_word' id='word_1_174' title='bbox 300 2128 419 2184; x_wconf 77' lang='lat' dir='ltr'>nomine.</span> <span class='ocrx_word' id='word_1_175' title='bbox 464 2125 574 2184; x_wconf 81' lang='lat' dir='ltr'>Vellem</span> <span class='ocrx_word' id='word_1_176' title='bbox 595 2125 746 2184; x_wconf 79' lang='lat' dir='ltr'>docuisset</span> <span class='ocrx_word' id='word_1_177' title='bbox 767 2124 872 2184; x_wconf 82' lang='lat' dir='ltr'>Latine</span> <span class='ocrx_word' id='word_1_178' title='bbox 894 2126 951 2184; x_wconf 90' lang='lat' dir='ltr'>diei</span> <span class='ocrx_word' id='word_1_179' title='bbox 974 2144 1032 2183; x_wconf 76' lang='lat' dir='ltr'>sust</span> <span class='ocrx_word' id='word_1_180' title='bbox 1055 2131 1167 2184; x_wconf 77' lang='lat' dir='ltr'>nostine</span> <span class='ocrx_word' id='word_1_181' title='bbox 1190 2129 1284 2186; x_wconf 63' lang='lat' dir='ltr'>Pinus.</span> 
     </span>
    </p>

    <p class='ocr_par' dir='ltr' id='par_1_6' title="bbox 297 2231 1015 2308">
     <span class='ocr_line' id='line_1_20' title="bbox 297 2231 1015 2308; baseline -0.004 -18"><span class='ocrx_word' id='word_1_182' title='bbox 297 2231 370 2290; x_wconf 82' lang='lat' dir='ltr'>Aen.</span> <span class='ocrx_word' id='word_1_183' title='bbox 393 2232 424 2301; x_wconf 82' lang='lat'>3,</span> <span class='ocrx_word' id='word_1_184' title='bbox 446 2232 519 2288; x_wconf 80' lang='lat'><strong>625.</strong></span> <span class='ocrx_word' id='word_1_185' title='bbox 564 2233 695 2306; x_wconf 81' lang='lat' dir='ltr'>sooiepac</span> <span class='ocrx_word' id='word_1_186' title='bbox 718 2249 860 2308; x_wconf 82' lang='lat' dir='ltr'>exspersa</span> <span class='ocrx_word' id='word_1_187' title='bbox 881 2240 1015 2287; x_wconf 64' lang='lat' dir='ltr'>&#39;romscot</span> 
     </span>
    </p>
   </div>
   <div class='ocr_carea' id='block_1_3' title="bbox 428 2337 548 2393">
    <p class='ocr_par' dir='ltr' id='par_1_7' title="bbox 428 2337 548 2393">
     <span class='ocr_line' id='line_1_21' title="bbox 428 2337 548 2393; baseline 0.008 -1"><span class='ocrx_word' id='word_1_188' title='bbox 428 2337 548 2393; x_wconf 82' lang='lat' dir='ltr'>Limine.</span> 
     </span>
    </p>
   </div>
   <div class='ocr_carea' id='block_1_4' title="bbox 211 2438 1354 2521">
    <p class='ocr_par' dir='ltr' id='par_1_8' title="bbox 211 2438 1354 2521">
     <span class='ocr_line' id='line_1_22' title="bbox 211 2438 1354 2521; baseline 0.009 -26"><span class='ocrx_word' id='word_1_189' title='bbox 211 2441 345 2512; x_wconf 79' lang='lat' dir='ltr'>adsperso</span> <span class='ocrx_word' id='word_1_190' title='bbox 370 2458 548 2497; x_wconf 85' lang='lat' dir='ltr'>communem</span> <span class='ocrx_word' id='word_1_191' title='bbox 569 2438 699 2497; x_wconf 87' lang='lat' dir='ltr'>codicum</span> <span class='ocrx_word' id='word_1_192' title='bbox 731 2439 885 2498; x_wconf 81' lang='lat' dir='ltr'>lectionem</span> <span class='ocrx_word' id='word_1_193' title='bbox 908 2447 1085 2498; x_wconf 81' lang='lat' dir='ltr'>revocarunt</span> <span class='ocrx_word' id='word_1_194' title='bbox 1106 2439 1298 2521; x_wconf 76' lang='lat' dir='ltr'>Lndewigius</span> <span class='ocrx_word' id='word_1_195' title='bbox 1322 2453 1354 2506; x_wconf 86' lang='lat' dir='ltr'>et</span> 
     </span>
    </p>
   </div>
   <div class='ocr_carea' id='block_1_5' title="bbox 158 2542 1412 4403">
    <p class='ocr_par' dir='ltr' id='par_1_9' title="bbox 210 2542 1412 3668">
     <span class='ocr_line' id='line_1_23' title="bbox 211 2542 1352 2622; baseline 0.004 -20"><span class='ocrx_word' id='word_1_196' title='bbox 211 2544 365 2622; x_wconf 82' lang='lat' dir='ltr'>Hauptius.</span> <span class='ocrx_word' id='word_1_197' title='bbox 412 2544 532 2602; x_wconf 78' lang='lat' dir='ltr'>Erudite</span> <span class='ocrx_word' id='word_1_198' title='bbox 555 2544 691 2604; x_wconf 80' lang='lat' dir='ltr'>Servius:</span> <span class='ocrx_word' id='word_1_199' title='bbox 729 2545 911 2617; x_wconf 80' lang='lat' dir='ltr'>‚,Esspersu,</span> <span class='ocrx_word' id='word_1_200' title='bbox 940 2543 1012 2601; x_wconf 80' lang='lat' dir='ltr'>haec</span> <span class='ocrx_word' id='word_1_201' title='bbox 1034 2542 1093 2601; x_wconf 86' lang='lat' dir='ltr'>fuit</span> <span class='ocrx_word' id='word_1_202' title='bbox 1115 2563 1185 2605; x_wconf 86' lang='lat' dir='ltr'>vera</span> <span class='ocrx_word' id='word_1_203' title='bbox 1208 2545 1309 2619; x_wconf 85' lang='lat' dir='ltr'>lectio,</span> <span class='ocrx_word' id='word_1_204' title='bbox 1333 2549 1352 2607; x_wconf 93' lang='lat' dir='ltr'>i.</span> 
     </span>
     <span class='ocr_line' id='line_1_24' title="bbox 212 2647 1353 2729; baseline 0.004 -23"><span class='ocrx_word' id='word_1_205' title='bbox 212 2668 237 2707; x_wconf 92' lang='lat' dir='ltr'>e.</span> <span class='ocrx_word' id='word_1_206' title='bbox 263 2647 435 2708; x_wconf 86' lang='lat' dir='ltr'>madefacta.</span> <span class='ocrx_word' id='word_1_207' title='bbox 482 2649 554 2706; x_wconf 88' lang='lat' dir='ltr'>Nam</span> <span class='ocrx_word' id='word_1_208' title='bbox 578 2649 603 2706; x_wconf 90' lang='lat' dir='ltr'>si</span> <span class='ocrx_word' id='word_1_209' title='bbox 626 2651 765 2720; x_wconf 78' lang='lat' dir='ltr'>Adsperso</span> <span class='ocrx_word' id='word_1_210' title='bbox 786 2648 917 2718; x_wconf 78' lang='lat' dir='ltr'>dixeris,</span> <span class='ocrx_word' id='word_1_211' title='bbox 953 2649 972 2706; x_wconf 93' lang='lat' dir='ltr'>i.</span> <span class='ocrx_word' id='word_1_212' title='bbox 995 2667 1021 2706; x_wconf 88' lang='lat' dir='ltr'>e.</span> <span class='ocrx_word' id='word_1_213' title='bbox 1045 2649 1183 2720; x_wconf 85' lang='lat' dir='ltr'>irrorata,</span> <span class='ocrx_word' id='word_1_214' title='bbox 1206 2652 1353 2729; x_wconf 81' lang='lat' dir='ltr'>tapinosis</span> 
     </span>
     <span class='ocr_line' id='line_1_25' title="bbox 211 2752 1349 2834; baseline 0.003 -22"><span class='ocrx_word' id='word_1_215' title='bbox 211 2763 242 2812; x_wconf 85' lang='lat' dir='ltr'>et</span> <span class='ocrx_word' id='word_1_216' title='bbox 265 2753 421 2831; x_wconf 80' lang='lat' dir='ltr'>hyperbole</span> <span class='ocrx_word' id='word_1_217' title='bbox 451 2753 643 2834; x_wconf 78' lang='lat' dir='ltr'>iunguntur.”</span> <span class='ocrx_word' id='word_1_218' title='bbox 687 2753 783 2832; x_wconf 84' lang='lat' dir='ltr'>Atque</span> <span class='ocrx_word' id='word_1_219' title='bbox 818 2752 858 2810; x_wconf 86' lang='lat' dir='ltr'>ita</span> <span class='ocrx_word' id='word_1_220' title='bbox 883 2753 1013 2831; x_wconf 80' lang='lat' dir='ltr'>loquitur</span> <span class='ocrx_word' id='word_1_221' title='bbox 1044 2773 1102 2811; x_wconf 90' lang='lat' dir='ltr'>non</span> <span class='ocrx_word' id='word_1_222' title='bbox 1125 2755 1175 2832; x_wconf 89' lang='lat' dir='ltr'>qui</span> <span class='ocrx_word' id='word_1_223' title='bbox 1197 2757 1349 2815; x_wconf 87' lang='lat' dir='ltr'>coniectu·</span> 
     </span>
     <span class='ocr_line' id='line_1_26' title="bbox 211 2856 1412 2936; baseline 0.004 -20"><span class='ocrx_word' id='word_1_224' title='bbox 211 2878 272 2916; x_wconf 89' lang='lat' dir='ltr'>ram</span> <span class='ocrx_word' id='word_1_225' title='bbox 295 2856 384 2927; x_wconf 86' lang='lat' dir='ltr'>facit,</span> <span class='ocrx_word' id='word_1_226' title='bbox 407 2856 458 2915; x_wconf 87' lang='lat' dir='ltr'>sed</span> <span class='ocrx_word' id='word_1_227' title='bbox 481 2857 530 2936; x_wconf 87' lang='lat' dir='ltr'>qui</span> <span class='ocrx_word' id='word_1_228' title='bbox 552 2857 623 2915; x_wconf 88' lang='lat' dir='ltr'>dicit</span> <span class='ocrx_word' id='word_1_229' title='bbox 648 2856 855 2915; x_wconf 84' lang='lat' dir='ltr'>testimonium.</span> <span class='ocrx_word' id='word_1_230' title='bbox 901 2857 982 2936; x_wconf 78' lang='lat' dir='ltr'>Ergo</span> <span class='ocrx_word' id='word_1_231' title='bbox 1006 2859 1156 2936; x_wconf 87' lang='lat' dir='ltr'>antiquam</span> <span class='ocrx_word' id='word_1_232' title='bbox 1176 2857 1272 2918; x_wconf 84' lang='lat' dir='ltr'>fuisse</span> <span class='ocrx_word' id='word_1_233' title='bbox 1295 2861 1353 2921; x_wconf 87' lang='lat' dir='ltr'>iec-</span> <span class='ocrx_word' id='word_1_234' title='bbox 1411 2862 1412 2903; x_wconf 65' lang='lat'>3</span> 
     </span>
     <span class='ocr_line' id='line_1_27' title="bbox 213 2961 1351 3041; baseline 0.004 -23"><span class='ocrx_word' id='word_1_235' title='bbox 213 2961 319 3020; x_wconf 88' lang='lat' dir='ltr'>tionem</span> <span class='ocrx_word' id='word_1_236' title='bbox 344 2964 484 3035; x_wconf 73' lang='lat' dir='ltr'>desperso</span> <span class='ocrx_word' id='word_1_237' title='bbox 506 2961 665 3020; x_wconf 85' lang='lat' dir='ltr'>credemus.</span> <span class='ocrx_word' id='word_1_238' title='bbox 711 2961 772 3031; x_wconf 80' lang='lat' dir='ltr'>„At</span> <span class='ocrx_word' id='word_1_239' title='bbox 805 2967 886 3031; x_wconf 87' lang='lat' dir='ltr'>v&#39;ero,</span> <span class='ocrx_word' id='word_1_240' title='bbox 909 2961 952 3019; x_wconf 86' lang='lat' dir='ltr'>nit</span> <span class='ocrx_word' id='word_1_241' title='bbox 973 2961 1208 3041; x_wconf 81' lang='lat' dir='ltr'>Peerlkampius‚</span> <span class='ocrx_word' id='word_1_242' title='bbox 1231 2984 1351 3039; x_wconf 76' lang='lat' dir='ltr'>essper-</span> 
     </span>
     <span class='ocr_line' id='line_1_28' title="bbox 210 3063 1352 3147; baseline 0.006 -27"><span class='ocrx_word' id='word_1_243' title='bbox 210 3083 277 3140; x_wconf 72' lang='lat' dir='ltr'>9ere</span> <span class='ocrx_word' id='word_1_244' title='bbox 300 3063 449 3144; x_wconf 80' lang='lat' dir='ltr'>significat</span> <span class='ocrx_word' id='word_1_245' title='bbox 471 3067 624 3138; x_wconf 84' lang='lat' dir='ltr'>dissipare,</span> <span class='ocrx_word' id='word_1_246' title='bbox 648 3064 725 3143; x_wconf 88' lang='lat' dir='ltr'>qnod</span> <span class='ocrx_word' id='word_1_247' title='bbox 747 3063 871 3122; x_wconf 85' lang='lat' dir='ltr'>alienum</span> <span class='ocrx_word' id='word_1_248' title='bbox 895 3063 929 3122; x_wconf 88' lang='lat' dir='ltr'>eh</span> <span class='ocrx_word' id='word_1_249' title='bbox 953 3065 1008 3123; x_wconf 81' lang='lat' dir='ltr'>hoe</span> <span class='ocrx_word' id='word_1_250' title='bbox 1031 3065 1128 3123; x_wconf 85' lang='lat' dir='ltr'>ioco.’&#39;</span> <span class='ocrx_word' id='word_1_251' title='bbox 1171 3067 1283 3147; x_wconf 87' lang='lat' dir='ltr'>Nempe</span> <span class='ocrx_word' id='word_1_252' title='bbox 1304 3090 1352 3127; x_wconf 81' lang='lat' dir='ltr'>es-</span> 
     </span>
     <span class='ocr_line' id='line_1_29' title="bbox 210 3169 1352 3249; baseline 0.003 -23"><span class='ocrx_word' id='word_1_253' title='bbox 210 3187 356 3242; x_wconf 71' lang='lat' dir='ltr'>spmpm,</span> <span class='ocrx_word' id='word_1_254' title='bbox 389 3178 525 3248; x_wconf 85' lang='lat' dir='ltr'>quantum</span> <span class='ocrx_word' id='word_1_255' title='bbox 555 3177 692 3241; x_wconf 87' lang='lat' dir='ltr'>constat,</span> <span class='ocrx_word' id='word_1_256' title='bbox 724 3190 783 3228; x_wconf 93' lang='lat' dir='ltr'>non</span> <span class='ocrx_word' id='word_1_257' title='bbox 810 3169 956 3229; x_wconf 87' lang='lat' dir='ltr'>invenitur</span> <span class='ocrx_word' id='word_1_258' title='bbox 982 3170 1058 3249; x_wconf 89' lang='lat' dir='ltr'>apud</span> <span class='ocrx_word' id='word_1_259' title='bbox 1095 3190 1148 3229; x_wconf 89' lang='lat' dir='ltr'>eos</span> <span class='ocrx_word' id='word_1_260' title='bbox 1178 3170 1352 3249; x_wconf 82' lang='lat' dir='ltr'>scriptores,</span> 
     </span>
     <span class='ocr_line' id='line_1_30' title="bbox 212 3274 1353 3356; baseline 0.003 -24"><span class='ocrx_word' id='word_1_261' title='bbox 212 3293 332 3352; x_wconf 87' lang='lat' dir='ltr'>quorum</span> <span class='ocrx_word' id='word_1_262' title='bbox 352 3274 414 3332; x_wconf 88' lang='lat' dir='ltr'>iibri</span> <span class='ocrx_word' id='word_1_263' title='bbox 425 3283 554 3346; x_wconf 84' lang='lat' dir='ltr'>exstant,</span> <span class='ocrx_word' id='word_1_264' title='bbox 580 3275 634 3333; x_wconf 91' lang='lat' dir='ltr'>nisi</span> <span class='ocrx_word' id='word_1_265' title='bbox 649 3275 692 3334; x_wconf 88' lang='lat' dir='ltr'>his</span> <span class='ocrx_word' id='word_1_266' title='bbox 709 3274 785 3354; x_wconf 87' lang='lat' dir='ltr'>apud</span> <span class='ocrx_word' id='word_1_267' title='bbox 796 3275 974 3333; x_wconf 87' lang='lat' dir='ltr'>Lucretium.</span> <span class='ocrx_word' id='word_1_268' title='bbox 1019 3275 1092 3332; x_wconf 87' lang='lat' dir='ltr'>Num</span> <span class='ocrx_word' id='word_1_269' title='bbox 1105 3276 1198 3356; x_wconf 78' lang='lat' dir='ltr'>igitur</span> <span class='ocrx_word' id='word_1_270' title='bbox 1216 3294 1253 3333; x_wconf 87' lang='lat' dir='ltr'>ex</span> <span class='ocrx_word' id='word_1_271' title='bbox 1278 3276 1353 3335; x_wconf 89' lang='lat' dir='ltr'>binis</span> 
     </span>
     <span class='ocr_line' id='line_1_31' title="bbox 212 3379 1354 3461; baseline 0.003 -25"><span class='ocrx_word' id='word_1_272' title='bbox 212 3379 353 3460; x_wconf 81' lang='lat' dir='ltr'>exemplis</span> <span class='ocrx_word' id='word_1_273' title='bbox 376 3390 456 3440; x_wconf 90' lang='lat' dir='ltr'>recte</span> <span class='ocrx_word' id='word_1_274' title='bbox 479 3381 652 3461; x_wconf 78' lang='lat' dir='ltr'>colligemus</span> <span class='ocrx_word' id='word_1_275' title='bbox 676 3400 828 3459; x_wconf 82' lang='lat' dir='ltr'>numquam</span> <span class='ocrx_word' id='word_1_276' title='bbox 851 3400 869 3438; x_wconf 87' lang='lat' dir='ltr'>a</span> <span class='ocrx_word' id='word_1_277' title='bbox 892 3400 1036 3460; x_wconf 88' lang='lat' dir='ltr'>quoquam</span> <span class='ocrx_word' id='word_1_278' title='bbox 1059 3379 1146 3438; x_wconf 89' lang='lat' dir='ltr'>aliter</span> <span class='ocrx_word' id='word_1_279' title='bbox 1163 3380 1268 3438; x_wconf 89' lang='lat' dir='ltr'>dictum</span> <span class='ocrx_word' id='word_1_280' title='bbox 1286 3401 1354 3439; x_wconf 90' lang='lat' dir='ltr'>esse</span> 
     </span>
     <span class='ocr_line' id='line_1_32' title="bbox 211 3483 1412 3565; baseline -0.002 -25"><span class='ocrx_word' id='word_1_281' title='bbox 211 3502 388 3560; x_wconf 71' lang='lat' dir='ltr'>esspcrqcre,</span> <span class='ocrx_word' id='word_1_282' title='bbox 410 3504 462 3544; x_wconf 89' lang='lat' dir='ltr'>nec</span> <span class='ocrx_word' id='word_1_283' title='bbox 480 3505 568 3565; x_wconf 90' lang='lat' dir='ltr'>posse</span> <span class='ocrx_word' id='word_1_284' title='bbox 582 3485 661 3554; x_wconf 76' lang='lat' dir='ltr'>uerbi</span> <span class='ocrx_word' id='word_1_285' title='bbox 676 3502 820 3558; x_wconf 79' lang='lat' dir='ltr'>sparperc,</span> <span class='ocrx_word' id='word_1_286' title='bbox 843 3484 920 3560; x_wconf 90' lang='lat' dir='ltr'>quod</span> <span class='ocrx_word' id='word_1_287' title='bbox 943 3493 989 3541; x_wconf 89' lang='lat' dir='ltr'>est</span> <span class='ocrx_word' id='word_1_288' title='bbox 1011 3483 1038 3541; x_wconf 91' lang='lat' dir='ltr'>in</span> <span class='ocrx_word' id='word_1_289' title='bbox 1062 3501 1238 3558; x_wconf 77' lang='lat' dir='ltr'>essperpere,</span> <span class='ocrx_word' id='word_1_290' title='bbox 1260 3485 1353 3564; x_wconf 76' lang='lat' dir='ltr'>signi·</span> <span class='ocrx_word' id='word_1_291' title='bbox 1411 3532 1412 3537; x_wconf 73' lang='grc'>,</span> 
     </span>
     <span class='ocr_line' id='line_1_33' title="bbox 211 3585 1354 3668; baseline 0.002 -23"><span class='ocrx_word' id='word_1_292' title='bbox 211 3585 378 3648; x_wconf 88' lang='lat' dir='ltr'>ficationem</span> <span class='ocrx_word' id='word_1_293' title='bbox 398 3591 553 3649; x_wconf 87' lang='lat' dir='ltr'>convenire</span> <span class='ocrx_word' id='word_1_294' title='bbox 576 3609 639 3648; x_wconf 88' lang='lat' dir='ltr'>cum</span> <span class='ocrx_word' id='word_1_295' title='bbox 662 3609 707 3660; x_wconf 90' lang='lat' dir='ltr'>ea,</span> <span class='ocrx_word' id='word_1_296' title='bbox 732 3597 874 3668; x_wconf 86' lang='lat' dir='ltr'>quaeest</span> <span class='ocrx_word' id='word_1_297' title='bbox 897 3587 925 3645; x_wconf 95' lang='lat' dir='ltr'>in</span> <span class='ocrx_word' id='word_1_298' title='bbox 949 3587 1036 3646; x_wconf 84' lang='lat' dir='ltr'>verbo</span> <span class='ocrx_word' id='word_1_299' title='bbox 1059 3590 1248 3662; x_wconf 71' lang='lat' dir='ltr'>odsperqeret</span> <span class='ocrx_word' id='word_1_300' title='bbox 1294 3588 1354 3647; x_wconf 84' lang='lat' dir='ltr'>Do·</span> 
     </span>
    </p>

    <p class='ocr_par' dir='ltr' id='par_1_10' title="bbox 158 3692 1412 4403">
     <span class='ocr_line' id='line_1_34' title="bbox 158 3692 1355 3775; baseline -0.002 -21"><span class='ocrx_word' id='word_1_301' title='bbox 158 3697 160 3702; x_wconf 83' lang='lat'>&#39;</span> <span class='ocrx_word' id='word_1_302' title='bbox 212 3700 288 3754; x_wconf 88' lang='lat' dir='ltr'>ctum</span> <span class='ocrx_word' id='word_1_303' title='bbox 312 3704 407 3754; x_wconf 83' lang='lat' dir='ltr'>eutem</span> <span class='ocrx_word' id='word_1_304' title='bbox 432 3696 662 3775; x_wconf 78' lang='lat' dir='ltr'>grammaticum,</span> <span class='ocrx_word' id='word_1_305' title='bbox 688 3695 771 3753; x_wconf 90' lang='lat' dir='ltr'>cuius</span> <span class='ocrx_word' id='word_1_306' title='bbox 793 3693 926 3752; x_wconf 83' lang='lat' dir='ltr'>scholion</span> <span class='ocrx_word' id='word_1_307' title='bbox 950 3692 1047 3771; x_wconf 84' lang='lat' dir='ltr'>prodit</span> <span class='ocrx_word' id='word_1_308' title='bbox 1070 3693 1209 3763; x_wconf 86' lang='lat' dir='ltr'>Servius,</span> <span class='ocrx_word' id='word_1_309' title='bbox 1241 3694 1355 3772; x_wconf 78' lang='lat' dir='ltr'>putabi-</span> 
     </span>
     <span class='ocr_line' id='line_1_35' title="bbox 213 3795 1412 3881; baseline -0.001 -24"><span class='ocrx_word' id='word_1_310' title='bbox 213 3818 314 3858; x_wconf 87' lang='lat' dir='ltr'>musne</span> <span class='ocrx_word' id='word_1_311' title='bbox 337 3800 510 3879; x_wconf 72' lang='lat' dir='ltr'>ignorasse,</span> <span class='ocrx_word' id='word_1_312' title='bbox 535 3800 601 3879; x_wconf 85' lang='lat' dir='ltr'>quid</span> <span class='ocrx_word' id='word_1_313' title='bbox 626 3799 742 3860; x_wconf 88' lang='lat' dir='ltr'>verbnm</span> <span class='ocrx_word' id='word_1_314' title='bbox 763 3815 935 3874; x_wconf 75' lang='lat' dir='ltr'>essperyere</span> <span class='ocrx_word' id='word_1_315' title='bbox 952 3795 1119 3876; x_wconf 72' lang='lat' dir='ltr'>significetd</span> <span class='ocrx_word' id='word_1_316' title='bbox 1163 3797 1354 3875; x_wconf 88' lang='lat' dir='ltr'>Praepositio</span> <span class='ocrx_word' id='word_1_317' title='bbox 1411 3878 1412 3881; x_wconf 7' lang='grc' dir='ltr'><strong>Ἴ</strong></span> 
     </span>
     <span class='ocr_line' id='line_1_36' title="bbox 212 3901 1412 3982; baseline 0 -21"><span class='ocrx_word' id='word_1_318' title='bbox 212 3922 236 3975; x_wconf 86' lang='lat' dir='ltr'>e,</span> <span class='ocrx_word' id='word_1_319' title='bbox 259 3922 305 3973; x_wconf 82' lang='lat' dir='ltr'>cs,</span> <span class='ocrx_word' id='word_1_320' title='bbox 327 3913 360 3962; x_wconf 87' lang='lat' dir='ltr'>nt</span> <span class='ocrx_word' id='word_1_321' title='bbox 384 3912 515 3962; x_wconf 86' lang='lat' dir='ltr'>nostrum</span> <span class='ocrx_word' id='word_1_322' title='bbox 538 3923 600 3976; x_wconf 78' lang='lat' dir='ltr'>out,</span> <span class='ocrx_word' id='word_1_323' title='bbox 623 3905 652 3962; x_wconf 93' lang='lat' dir='ltr'>in</span> <span class='ocrx_word' id='word_1_324' title='bbox 674 3903 900 3982; x_wconf 82' lang='lat' dir='ltr'>aliquammuitis</span> <span class='ocrx_word' id='word_1_325' title='bbox 923 3902 1092 3979; x_wconf 89' lang='lat' dir='ltr'>compositis</span> <span class='ocrx_word' id='word_1_326' title='bbox 1115 3901 1240 3971; x_wconf 87' lang='lat' dir='ltr'>indicat,</span> <span class='ocrx_word' id='word_1_327' title='bbox 1273 3903 1354 3980; x_wconf 88' lang='lat' dir='ltr'>quod</span> <span class='ocrx_word' id='word_1_328' title='bbox 1411 3920 1412 3979; x_wconf 43' lang='lat'>3</span> 
     </span>
     <span class='ocr_line' id='line_1_37' title="bbox 213 4005 1352 4080; baseline -0.001 -14"><span class='ocrx_word' id='word_1_329' title='bbox 213 4009 254 4067; x_wconf 84' lang='lat' dir='ltr'>ito</span> <span class='ocrx_word' id='word_1_330' title='bbox 276 4007 320 4080; x_wconf 89' lang='lat' dir='ltr'>fit,</span> <span class='ocrx_word' id='word_1_331' title='bbox 344 4016 377 4067; x_wconf 92' lang='lat' dir='ltr'>ut</span> <span class='ocrx_word' id='word_1_332' title='bbox 399 4029 456 4068; x_wconf 91' lang='lat' dir='ltr'>uon</span> <span class='ocrx_word' id='word_1_333' title='bbox 480 4010 599 4068; x_wconf 86' lang='lat' dir='ltr'>muitum</span> <span class='ocrx_word' id='word_1_334' title='bbox 614 4017 666 4068; x_wconf 87' lang='lat' dir='ltr'>aut</span> <span class='ocrx_word' id='word_1_335' title='bbox 688 4009 758 4067; x_wconf 82' lang='lat' dir='ltr'>nihil</span> <span class='ocrx_word' id='word_1_336' title='bbox 773 4009 849 4067; x_wconf 92' lang='lat' dir='ltr'>desit</span> <span class='ocrx_word' id='word_1_337' title='bbox 872 4008 909 4066; x_wconf 92' lang='lat' dir='ltr'>ad</span> <span class='ocrx_word' id='word_1_338' title='bbox 925 4006 1180 4066; x_wconf 69' lang='lat' dir='ltr'>consummandum</span> <span class='ocrx_word' id='word_1_339' title='bbox 1203 4005 1352 4078; x_wconf 86' lang='lat' dir='ltr'>effectum,</span> 
     </span>
     <span class='ocr_line' id='line_1_38' title="bbox 212 4113 1351 4187; baseline -0.005 -13"><span class='ocrx_word' id='word_1_340' title='bbox 212 4117 295 4174; x_wconf 91' lang='lat' dir='ltr'>utin</span> <span class='ocrx_word' id='word_1_341' title='bbox 318 4117 459 4187; x_wconf 79' lang='lat' dir='ltr'>emollire,</span> <span class='ocrx_word' id='word_1_342' title='bbox 489 4132 619 4181; x_wconf 77' lang='lat' dir='ltr'>enecare,</span> <span class='ocrx_word' id='word_1_343' title='bbox 640 4119 778 4183; x_wconf 81' lang='lat' dir='ltr'>evincere,</span> <span class='ocrx_word' id='word_1_344' title='bbox 801 4115 941 4180; x_wconf 68' lang='lat' dir='ltr'>excolere,</span> <span class='ocrx_word' id='word_1_345' title='bbox 964 4113 1107 4184; x_wconf 78' lang='lat' dir='ltr'>sepoiire,</span> <span class='ocrx_word' id='word_1_346' title='bbox 1126 4128 1280 4181; x_wconf 79' lang='lat' dir='ltr'>ceorsore,</span> <span class='ocrx_word' id='word_1_347' title='bbox 1303 4131 1351 4168; x_wconf 67' lang='grc' dir='ltr'>ω·-</span> 
     </span>
     <span class='ocr_line' id='line_1_39' title="bbox 212 4216 1352 4292; baseline -0.004 -14"><span class='ocrx_word' id='word_1_348' title='bbox 212 4223 357 4292; x_wconf 81' lang='lat' dir='ltr'>cruciare,</span> <span class='ocrx_word' id='word_1_349' title='bbox 381 4237 537 4288; x_wconf 67' lang='lat' dir='ltr'>menum,</span> <span class='ocrx_word' id='word_1_350' title='bbox 559 4235 744 4288; x_wconf 67' lang='lat' dir='ltr'>accrescere,</span> <span class='ocrx_word' id='word_1_351' title='bbox 767 4221 926 4285; x_wconf 69' lang='lat' dir='ltr'>exsiccare,</span> <span class='ocrx_word' id='word_1_352' title='bbox 949 4219 1251 4284; x_wconf 65' lang='lat' dir='ltr'>commemorem.</span> <span class='ocrx_word' id='word_1_353' title='bbox 1295 4216 1352 4274; x_wconf 84' lang='lat' dir='ltr'>itu·</span> 
     </span>
     <span class='ocr_line' id='line_1_40' title="bbox 212 4318 1412 4403; baseline -0.003 -21"><span class='ocrx_word' id='word_1_354' title='bbox 212 4343 268 4403; x_wconf 88' lang='lat' dir='ltr'>que</span> <span class='ocrx_word' id='word_1_355' title='bbox 290 4342 456 4400; x_wconf 77' lang='lat' dir='ltr'>cesperqere</span> <span class='ocrx_word' id='word_1_356' title='bbox 477 4326 560 4382; x_wconf 84' lang='lat' dir='ltr'>limen</span> <span class='ocrx_word' id='word_1_357' title='bbox 582 4330 629 4382; x_wconf 86' lang='lat' dir='ltr'>est</span> <span class='ocrx_word' id='word_1_358' title='bbox 651 4323 693 4381; x_wconf 90' lang='lat' dir='ltr'>ita</span> <span class='ocrx_word' id='word_1_359' title='bbox 716 4339 925 4400; x_wconf 75' lang='lat' dir='ltr'>conspergere,</span> <span class='ocrx_word' id='word_1_360' title='bbox 948 4327 980 4377; x_wconf 90' lang='lat' dir='ltr'>ut</span> <span class='ocrx_word' id='word_1_361' title='bbox 995 4326 1090 4377; x_wconf 86' lang='lat' dir='ltr'>toturn</span> <span class='ocrx_word' id='word_1_362' title='bbox 1109 4318 1226 4378; x_wconf 81' lang='lat' dir='ltr'>madeat</span> <span class='ocrx_word' id='word_1_363' title='bbox 1246 4319 1350 4393; x_wconf 83' lang='lat' dir='ltr'>linen3</span> <span class='ocrx_word' id='word_1_364' title='bbox 1411 4322 1412 4397; x_wconf 62' lang='grc' dir='ltr'><strong>ἦ</strong></span> 
     </span>
    </p>
   </div>
   <div class='ocr_carea' id='block_1_6' title="bbox 0 0 1429 4817">
    <p class='ocr_par' dir='ltr' id='par_1_11' title="bbox 0 0 1429 4817">
     <span class='ocr_line' id='line_1_41' title="bbox 0 0 1429 4817; baseline 0 0"><span class='ocrx_word' id='word_1_365' title='bbox 0 0 1429 4817; x_wconf 95' lang='lat' dir='ltr'> </span> 
     </span>
    </p>
   </div>
  </div>
 </body>
</html>
