2842 4817
509 239 652 290 Lectiones
670 235 854 303 Vergilianas.

135 371 137 375 ⁸
242 391 314 448 232.
359 393 394 450 Et
413 399 527 464 temptat
545 412 604 452 rere
624 401 705 466 atqua
726 395 816 452 trasei
836 398 868 452 r'o
889 413 1000 456 comae
1022 399 1115 469 discit,

244 499 316 556 234.
362 541 368 556 .
392 540 401 556 .
422 539 430 556 .
452 507 481 555 et
498 513 598 570 spureo
620 498 659 554 od
677 515 802 571 papauer
820 500 949 571 promte
969 519 1072 561 erm.

247 603 319 660 235.
363 601 449 673 Post,
470 602 518 658 edi
540 602 683 658 collectan
704 600 793 658 rotor
813 605 941 678 suesque
961 608 1095 678 resectae,

360 712 449 783 δόμα
469 717 558 765 moret
576 723 766 780 praecepsque
786 707 899 766 mom
918 712 1013 782 serm
1033 715 1066 767 ia
1084 713 1196 770 torum
1246 788 1248 793 Ι

104 810 152 868 Ex
173 829 232 868 uno
254 811 386 871 Medicas
408 811 488 892 (nam
511 810 701 881 Gelotianus,
723 810 772 888 qui
795 811 920 882 additur,
942 820 989 871 est
1011 814 1098 886 iden,
1121 815 1170 894 qui
1191 816 1250 874 lla·

105 900 221 992 diceus)
243 918 294 974 Ast
312 917 503 998 Ladewigius
523 917 634 995 recepit
657 934 709 994 pro
739 917 810 974 Post.
854 919 918 975 Post
937 926 1037 988 reete,
1067 927 1156 998 puto,
1190 939 1249 979 aar·

105 1027 159 1080 vat
180 1020 339 1098 Hauptius3
362 1021 391 1079 in
414 1023 469 1082 lsoc
492 1020 561 1079 nihil
585 1029 641 1090 est,
664 1019 742 1098 quod
755 1017 901 1092 offendat3
923 1022 978 1081 Ao
995 1021 1138 1081 indicaret
1154 1030 1249 1082 trans·

105 1124 178 1182 itum
201 1124 236 1183 ud
260 1124 335 1196 ulia,
370 1145 461 1197 nora,
493 1144 511 1184 a
532 1123 731 1204 superioribus
750 1123 886 1195 diversa3
913 1143 972 1182 non
993 1125 1164 1184 conceditur
1184 1127 1250 1186 lsuic

106 1228 270 1306 particulae
303 1229 387 1289 loeus
414 1230 442 1289 in
472 1229 558 1289 rebus
587 1227 745 1286 secundun
773 1245 856 1285 suum
887 1228 1015 1288 ordinem
1039 1232 1247 1310 proponendis.

107 1330 219 1410 Nempe
241 1339 394 1412 postquam
419 1335 510 1395 multa
536 1333 750 1394 exercitatione
772 1343 875 1391 taurus
897 1332 955 1392 iste
976 1333 1051 1392 satis
1073 1351 1106 1392 ae
1128 1353 1248 1413 praepa·

106 1434 187 1496 ravit
208 1436 244 1494 ad
269 1456 372 1497 novum
406 1448 552 1500 certamen
576 1457 639 1498 cum
663 1437 833 1497 adversario
855 1437 1028 1510 ineundum,
1050 1439 1106 1498 ion
1129 1439 1246 1498 descen·

105 1541 157 1612 dit
172 1543 208 1601 ad
230 1561 293 1602 eam
317 1563 454 1626 pugnem.
500 1543 630 1603 llandius
659 1540 793 1600 Turseli.
826 1546 854 1614 t,
877 1544 941 1602 422
972 1541 1048 1612 „Ubi
1076 1543 1247 1602 consecutio

105 1645 209 1725 aliqua
230 1666 325 1706 rerum
349 1655 402 1708 aut
432 1667 525 1708 nexus
555 1645 760 1725 exprimendus
785 1653 851 1716 est,
879 1645 999 1725 ponitur
1018 1665 1071 1717 nc,
1102 1667 1160 1706 non
1186 1647 1247 1707 ut.”

105 1752 195 1817 Quod
218 1751 243 1811 si
268 1754 354 1827 Atque
376 1753 528 1834 legeretur
557 1752 585 1810 in
608 1750 752 1821 Mediceo,
774 1749 802 1808 id
824 1747 933 1810 terren
956 1769 1194 1831 reponerenqne.

194 1856 270 1927 G.3,
280 1858 353 1916 305.
398 1857 460 1916 llae
476 1854 611 1936 (caprae)
622 1872 728 1930 quoque
740 1872 799 1912 aon
811 1873 882 1912 esra
894 1855 975 1912 aedis
986 1856 1091 1914 lectore
1113 1857 1246 1916 tuendae.

103 1961 184 2016 Haec
208 2003 214 2017 .
237 2002 246 2017 .
268 2006 276 2020 .
299 1943 402 2019 meato
421 1961 615 2040 Ledewiglus
637 1959 775 2039 scripsit,
805 1968 924 2018 secutus
946 1938 1125 2018 l'aldamua.
1169 1962 1248 2018 llaec

103 2063 296 2145 Ladewiqins
318 2063 547 2144 interpretatore
577 2084 655 2136 „ea,
689 2082 763 2142 quae
786 2062 871 2123 modo
894 2064 930 2123 de
952 2081 1024 2145 cura
1046 2063 1141 2124 orium
1164 2083 1245 2144 prae·

104 2168 202 2246 cepiss’
220 2187 295 2248 qnae
317 2169 464 2229 sententia
486 2169 664 2254 alienissima
686 2178 734 2228 est
755 2167 791 2227 al)
820 2167 877 2227 lina
904 2168 988 2239 loco,
1023 2167 1053 2227 id
1074 2168 1169 2246 quod,
1197 2169 1246 2248 qui

102 2272 228 2332 animum
251 2273 287 2332 od
311 2293 356 2345 ea,
380 2273 561 2354 quaerendo
584 2273 659 2331 dixit
682 2281 780 2352 poeta,
803 2272 946 2341 attendit,
969 2271 1015 2332 val
1039 2291 1096 2330 non
1119 2273 1246 2332 monitus

102 2378 196 2448 videt,
219 2387 299 2438 certe
321 2378 470 2439 dicendum
493 2385 575 2438 erut:
610 2376 711 2448 „Haec
733 2394 849 2455 quoqne
877 2397 934 2434 non
957 2376 1068 2436 minore
1089 2395 1152 2436 cum
1175 2396 1246 2436 eura

102 2483 292 2561 exsequenda
314 2491 393 2554 sunt,
416 2502 500 2562 quam
525 2482 586 2554 ille,
609 2501 683 2561 quae
705 2482 741 2539 de
764 2481 941 2541 cursorium
961 2481 1133 2561 praecepi;'’
1149 2501 1245 2561 quan·

101 2605 189 2666 qnam
213 2586 314 2665 quaeri
336 2593 453 2666 potest,
484 2605 549 2644 num
580 2585 696 2647 verbum
725 2585 858 2644 tuendi
889 2585 917 2643 in
946 2586 1000 2645 tali
1028 2603 1061 2644 re
1082 2587 1156 2645 antis
1179 2607 1243 2665 pro·

99 2692 167 2770 prie
189 2692 314 2751 dicatum·
358 2693 518 2752 Praeterea
531 2692 615 2762 ride,
640 2692 827 2762 Anthoni,
850 2692 996 2771 quomodo
1018 2692 1090 2751 laec
1112 2693 1189 2752 inter
1211 2712 1243 2752 se

99 2795 274 2874 conspirare
301 2804 407 2876 putes:
441 2801 542 2870 „llaec
572 2800 661 2879 (quae
693 2797 779 2856 inodo
809 2797 846 2855 de
867 2815 939 2855 cura
968 2797 1063 2859 ovium
1094 2796 1242 2878 praecepi)

103 2902 216 2960 tuende
238 2911 318 2971 sunt,
341 2925 407 2964 nee
430 2907 548 2964 minor
570 2924 657 2964 usus
681 2903 797 2974 erit3''
820 2921 885 2960 nnn
908 2921 979 2961 usus
1002 2904 1241 2982 praeceptoruml

98 3006 141 3064 At
176 3026 232 3064 non
263 3007 299 3065 de
329 3008 429 3067 horum
462 3011 591 3069 utilitate
623 3010 742 3090 agitur,
772 3007 822 3066 sed
851 3007 887 3066 de
925 3006 1054 3065 utilitate
1088 3025 1240 3085 caprarum

98 3119 274 3189 comparato
297 3116 358 3186 (vs.
383 3116 445 3174 306
468 3113 546 3195 sqq.)
571 3134 635 3173 cum
657 3113 787 3171 utilitate
809 3112 914 3171 osium.
959 3112 1089 3190 Apparet
1111 3131 1154 3171 rs.
1178 3115 1239 3171 305

97 3237 120 3274 a
143 3218 308 3294 praeceptis
336 3219 490 3277 transitum
521 3218 584 3278 lieri
615 3218 650 3277 ad
678 3216 843 3276 universum
869 3233 964 3294 genus
997 3215 1144 3294 caprinum
1166 3217 1240 3275 eius·

98 3338 160 3397 que
194 3305 458 3400 utilitatemque
487 3323 516 3379 in
539 3321 665 3380 transitu
690 3338 810 3378 necesse
832 3328 897 3377 erat
925 3319 1074 3398 designari
1097 3320 1125 3378 id
1146 3339 1242 3400 genus

99 3423 149 3483 vel
177 3443 229 3482 suo
253 3427 366 3485 nomine
390 3429 480 3508 (quod
505 3449 562 3487 uon
585 3429 658 3488 satis
681 3436 750 3507 apte
772 3427 799 3485 l.
824 3427 844 3484 l.
866 3424 966 3504 lieret)
992 3427 1036 3486 rel
1060 3429 1239 3506 pronomine.

97 3528 140 3584 Et
166 3536 285 3588 constet
306 3533 382 3588 llaec
404 3533 540 3612 antiquos
562 3533 672 3592 dixisse
695 3553 748 3612 pro
773 3535 842 3602 lloe,
867 3532 918 3590 sed
940 3533 976 3602 si,
998 3540 1031 3590 ut
1054 3552 1107 3610 per
1128 3541 1185 3604 est,
1207 3533 1239 3592 li·

94 3632 166 3690 dem
191 3623 324 3692 hebemus
343 3624 515 3714 optimorum
532 3637 669 3695 librorum
691 3636 877 3706 testimoniis,
902 3635 1060 3716 Vergilium
1079 3637 1131 3696 illa
1143 3636 1239 3698 formo

93 3735 277 3796 abstinuisse
299 3740 466 3811 credemus3
492 3741 666 3819 relinquitur
687 3741 801 3819 igitur,
823 3740 899 3818 quod
923 3759 981 3819 ego
1001 3740 1124 3820 aliique,
1154 3742 1238 3821 inpri-

94 3839 155 3898 mis
180 3839 340 3920 llauptius,
363 3843 429 3901 tuiti
451 3861 550 3902 sumus
570 3846 629 3901 llos
652 3885 659 3902 .
683 3885 691 3904 .
714 3887 721 3901 .
743 3847 871 3902 mdoe.
916 3843 1036 3903 Verbum
1060 3850 1134 3903 teari
1155 3847 1183 3904 in
1206 3868 1238 3907 re

92 3945 238 4026 pecuaria
268 3946 414 4025 proprium
438 3956 484 4006 est
505 3948 667 4027 diciturque
693 3948 730 4006 de
752 3948 868 4020 alendo,
890 3950 1113 4022 conservando,
1135 3971 1237 4031 propa·

92 4045 201 4131 gando
224 4069 328 4129 grege.
361 4051 497 4126 ¹dlendis
522 4062 635 4123 entem,
665 4054 873 4114 conservandis
902 4041 1158 4135 propagandisque
1191 4076 1236 4117 co·

96 4153 164 4233 pris
189 4171 244 4211 non
261 4143 512 4213 minorem'curam
531 4157 654 4235 impendi
670 4158 735 4218 vult
757 4166 855 4235 poeta,
878 4177 963 4238 quam
982 4159 1092 4219 ovibus.
1128 4161 1194 4226 llus
1207 4164 1235 4222 in

89 4275 130 4318 re
151 4274 217 4314 cum
233 4257 390 4318 dissentiat
410 4261 629 4340 apopuloribus
651 4263 722 4331 suis,
744 4262 843 4321 dedita
865 4283 955 4343 opero
978 4266 1052 4323 liunc
1073 4266 1235 4326 dissensum

88 4379 187 4425 versu
210 4363 272 4422 305
297 4369 436 4422 testatum
460 4364 533 4424 feeit
554 4367 710 4446 statimque
725 4367 761 4425 de
784 4368 913 4427 utilitate
934 4388 1084 4448 caprorum
1103 4375 1235 4451 exponit,
