2842 4817
194 207 254 266 106
615 205 737 274 Pbilippi
755 206 889 273 Wagneri

186 363 370 438 soepc'enim
395 379 461 440 per¹
474 378 537 418 enm
571 360 743 440 particulam
766 371 890 440 parator
911 359 1054 421 transitus
1075 356 1120 420 ad'
1135 362 1211 434 alin,
1248 363 1324 441 quod

187 484 245 522 non
267 473 313 524 est
336 484 428 545 quare
449 466 611 544 exemplis,
633 484 708 545 quae
730 473 799 524 sunt
820 457 962 545 plurima,
982 466 1196 526 confirmemus.
1240 466 1328 532 Quod

187 575 282 628 nutem
305 569 377 628 dicit
397 577 488 648 pocta
508 573 568 646 quir
590 570 731 644 morat,
765 590 823 632 non
845 576 893 630 est
915 590 983 630 vere
1005 569 1238 650 interrogantis,
1276 568 1328 628 sed

187 674 370 734 cohortantis
393 694 445 754 per
474 674 598 754 speciem
623 674 884 754 interrogationis,
914 694 1007 754 neque
1033 658 1109 733 enirn
1136 693 1251 754 semper
1279 674 1328 732 im·

185 780 317 858 perativo
340 781 447 838 utimur
467 779 495 836 in
520 779 683 848 bortando,
707 786 739 838 et
760 779 797 836 G.
821 783 851 850 2,
873 782 914 838 37
938 798 982 859 sq.
1005 784 1104 851 „iurat
1124 783 1232 838 lentore
1254 782 1329 838 Boc-

186 885 238 941 cbo
261 885 415 944 Goomrere
436 893 518 956 atquc
540 884 602 940 oleo
624 901 755 958 παραυ»
775 888 876 941 rendre
900 881 1074 942 Toburaam”
1105 892 1210 944 ornatu
1234 884 1328 963 poeti·

71 969 94 998 ⁵
188 1006 241 1046 cae
265 987 406 1046 (trationis
429 985 562 1045 detracto
588 987 718 1046 dixeris:
740 988 888 1046 conserite
910 987 1004 1048 eolles
1026 989 1132 1048 vitibus
1155 986 1298 1068 oleisque.

272 1092 345 1151 Aen.
369 1093 399 1162 9,
422 1093 495 1151 387.
541 1093 621 1148 Nisus
645 1134 651 1147 .
676 1133 684 1149 .
708 1132 715 1148 .
739 1133 748 1150 .
770 1095 827 1147 iura
850 1103 980 1150 moneret
999 1095 1085 1150 bootis

540 1192 637 1273 Atque
658 1193 753 1264 locos,
776 1199 823 1270 qui
842 1207 906 1270 post
926 1198 1013 1255 Albos
1035 1199 1070 1254 de
1090 1199 1204 1254 nomiae
1228 1196 1298 1252 dicti

537 1299 646 1358 Albane.
862 1275 867 1283 ⁵

187 1404 228 1461 Ar
250 1404 326 1458 lacos
348 1401 665 1482 ediditlradewigius,
693 1421 748 1461 soa
778 1401 947 1460 coniectura
984 1421 1083 1462 verum
1106 1421 1140 1460 se
1161 1407 1328 1460 manentum

188 1516 285 1578 ratus,
308 1508 381 1566 idem
405 1508 433 1567 in
456 1527 510 1568 suo
532 1508 658 1569 editione
673 1509 791 1568 exhibet
812 1509 969 1588 ll'ouptins,
990 1509 1053 1569 sine
1072 1508 1157 1566 dubio
1173 1507 1259 1589 grand
1277 1507 1329 1566 eli-

189 1632 246 1693 qua
267 1632 357 1672 causa
376 1619 482 1673 motus.
527 1614 568 1672 Ac
598 1612 735 1694 profectu
766 1614 896 1674 lucorum
919 1613 1095 1674 Albanorum
1117 1613 1226 1672 mentio
1246 1611 1331 1672 fecto

188 1725 236 1777 est
258 1738 276 1778 a
299 1717 519 1797 Cicerone-pro
542 1718 604 1779 lllil.
629 1721 666 1776 31
702 1718 801 1804 „Vos,
834 1717 961 1776 Albani
991 1718 1093 1777 tomuli
1120 1725 1209 1798 atque
1245 1717 1330 1788 luci,

149 1861 154 1874 ·
187 1823 311 1902 imploro
335 1830 423 1902 atque
447 1823 571 1882 testor.''
616 1823 700 1892 Quae
723 1842 771 1882 res
794 1823 837 1882 ita
859 1833 1029 1902 comparata
1050 1830 1113 1894 est,
1143 1830 1191 1893 ut,
1220 1824 1246 1882 si
1270 1842 1331 1881 non

187 1929 285 2008 aliqua
308 1929 423 1986 ratione
446 1926 602 1988 lectionem
625 1929 801 2007 optimorum
824 1928 953 1988 codicum
976 1928 1052 1987 tueri
1075 1926 1201 1999 licuerit,
1222 1946 1329 1986 conco·

187 2034 309 2092 dcodum
332 2033 466 2095 videatur
483 2034 512 2092 in
534 2034 708 2094 sententiam
723 2034 776 2095 viri
794 2035 982 2096 'eruditissimi
996 2033 1224 2114 acutissimique.
1269 2035 1330 2093 Sed

186 2139 345 2200 interdum.
366 2157 401 2196 ne
431 2137 555 2197 maxime
583 2138 696 2216 quidem
729 2138 923 2218 probabilibus
946 2140 982 2197 ad
1004 2138 1130 2217 specie·
1151 2138 1331 2197 coniecturis

79 2291 82 2296 .
187 2243 268 2302 nimis
291 2241 435 2334 fidendum
457 2262 524 2302 esse
546 2241 678 2302 declarat
701 2242 747 2301 bic
769 2242 832 2320 ipse
855 2243 954 2312 locos,
978 2261 1042 2301 nom
1058 2248 1111 2301 aut
1128 2243 1251 2322 egregie
1273 2242 1332 2301 t'nl·

187 2348 243 2418 lor,
267 2357 319 2406 aut
340 2348 424 2409 salva
446 2355 493 2406 est
515 2347 652 2406 librorum
678 2353 807 2408 veterum
826 2347 1001 2406 auctoritas.
1047 2346 1173 2405 Primum
1196 2349 1330 2407 conside·

187 2470 282 2510 remus
305 2452 390 2511 situm
414 2451 555 2512 locorum.
601 2453 759 2529 Euryalum
782 2452 890 2532 praedo
913 2461 1048 2511 onustum
1073 2459 1191 2510 nonest
1206 2452 1331 2512 consen-

187 2566 314 2628 taneum,
338 2576 402 2616 cum
420 2566 585 2636 caperetur,
608 2556 818 2641 longelnbisse.
856 2555 930 2614 llum
946 2555 1112 2628 inducitur,
1134 2559 1211 2617 redit
1227 2559 1329 2618 Nisus.

186 2663 245 2722 Fac
269 2663 367 2722 boram
396 2663 474 2720 inter
508 2682 542 2721 ea
569 2660 753 2721 interfuisse:
785 2680 850 2719 num
873 2661 962 2720 Nisus
991 2661 1136 2721 videbitur
1163 2683 1200 2724 cn
1229 2665 1331 2743 spatio

186 2767 222 2825 od
246 2766 328 2825 lucos
354 2766 482 2825 Albanos
506 2767 657 2846 pervenire
680 2776 710 2825 et
733 2766 799 2825 inde
821 2766 857 2824 ad
881 2766 1037 2842 Euryalum
1059 2767 1157 2826 redire
1177 2769 1331 2848 potuisset
1410 2810 1411 2817 κ

186 2871 225 2930 At
247 2873 379 2951 longum,
402 2872 487 2930 imino
511 2871 594 2929 nimis
618 2871 738 2952 longum
762 2871 790 2928 id
813 2879 928 2951 tempus
950 2872 1014 2930 iure
1035 2871 1160 2942 dixeris,
1190 2873 1215 2930 si
1246 2877 1331 2954 cogi·

185 2978 294 3037 taveris
317 2977 407 3034 borae
437 2977 569 3035 dimidiae
600 2975 697 3055 spatio
727 2975 826 3034 Nisum
851 2995 886 3033 ne
909 2975 997 3034 semol
1026 2975 1140 3054 quidem
1162 2978 1334 3056 respexisse

186 3082 367 3160 animumque
391 3081 427 3138 ad
450 3080 582 3139 relictum
607 3089 674 3159 post
704 3100 737 3138 se
760 3079 917 3156 Euryalum
940 3077 1102 3142 reflexisse.
1153 3081 1211 3140 Sed
1234 3091 1332 3162 nogat

185 3187 316 3262 lleynius
349 3185 583 3265 longinquitates
629 3186 761 3244 locorum
795 3185 977 3264 geometrico
1006 3176 1181 3244 subtilitate
1197 3187 1280 3267 exigi
1309 3207 1331 3247 a

186 3291 293 3370 poetis.
339 3291 493 3350 Crederem
516 3290 658 3362 fortasse,
679 3292 705 3351 si
728 3311 764 3350 ea
786 3292 883 3351 omnia
905 3299 992 3351 extra
1014 3292 1127 3351 ltaliam
1150 3302 1329 3374 agerentur,

186 3418 260 3457 nunc
292 3407 422 3478 aguntur
449 3399 476 3456 in
509 3398 613 3460 vicinia
642 3398 735 3476 ipsius
765 3398 844 3456 urbis
876 3399 996 3457 Romae.
1042 3398 1116 3465 Quis
1147 3398 1240 3478 igitur
1271 3399 1330 3458 sibi

186 3504 362 3584 persuadeat
389 3505 641 3584 diligentissimum
674 3511 789 3582 pectam
819 3504 991 3582 scripsisse,
1025 3523 1100 3582 quae
1123 3503 1216 3582 quivis
1238 3505 1328 3564 bomo

187 3610 335 3668 Romanus
358 3609 538 3688 redarguere
560 3610 686 3687 possctl
731 3609 813 3689 Ergo
834 3627 888 3667 nec
917 3590 1067 3687 usquead
1090 3609 1175 3667 locos
1195 3607 1328 3668 Albanos

185 3722 215 3771 et
238 3713 329 3770 multo
352 3712 445 3771 minus
467 3713 502 3770 ad
527 3714 621 3772 lacum
635 3712 776 3772 Albanum
799 3713 884 3793 (sunt
905 3712 991 3783 enim,
1013 3714 1063 3793 qui
1080 3715 1168 3788 Atque
1185 3715 1263 3778 luctu
1285 3713 1328 3772 le·

162 3815 274 3898 'geot)
308 3818 488 3897 processisse
513 3817 613 3876 Nisum
644 3817 884 3876 existimabimus.
936 3819 1063 3876 Restant
1084 3818 1159 3876 loci
1183 3816 1328 3878 Albani.

185 3923 242 3988 eni
265 3943 322 4004 quo
346 3922 470 3982 maxime
502 3922 567 3981 loco
591 3920 717 3992 fuerint,
747 3941 810 3980 cum
844 3943 928 3982 nemo
951 3922 1132 4003 veterumtid
1154 3922 1329 4001 prodiderit,

93 4085 95 4090 .
184 4051 237 4108 pro
269 4038 351 4090 certo
386 4027 507 4087 indicari
542 4046 617 4086 nunc
640 4047 697 4085 non
721 4033 838 4106 potest:
871 4035 903 4086 at
925 4032 1007 4088 novit
1029 4027 1179 4109 Vergilius
1202 4047 1259 4087 non
1282 4028 1329 4088 ita

186 4136 276 4216 longe
303 4134 416 4194 afuisse
446 4152 465 4193 a
494 4133 599 4192 castris
626 4132 780 4193 Troianis.
825 4133 885 4192 Sed
907 4133 995 4204 illud,
1029 4133 1054 4191 si
1077 4114 1136 4191 non
1157 4132 1249 4202 scire,
1282 4139 1329 4191 ta·

185 4259 248 4298 men
272 4239 460 4318 probabiliter
481 4237 626 4296 coniicere
648 4238 827 4316 poterimus,
859 4257 934 4318 quae
964 4237 1041 4296 ratio
1071 4244 1102 4296 et
1124 4255 1214 4296 causa
1235 4235 1330 4297 fuerit

184 4344 268 4404 huius
292 4342 508 4425 appellationis.
553 4342 647 4402 Loci
669 4340 813 4403 vocabulo
836 4341 1022 4424 significatur
1044 4341 1166 4403 viculus.
1213 4341 1328 4402 Sulmo·
